3998 5422
351 261 429 358 12'6
474 264 556 350 Da
584 263 826 358 Vrnrnus
858 283 927 341 ετ
957 253 1215 339 Mortuus
1245 247 1575 366 Conponunt.
1599 241 1756 339 LmIIss

345 422 395 480 ut
414 422 487 507 par
505 399 602 481 inde
619 396 779 510 agilitas
798 392 1013 507 provenire
1031 408 1167 498 queat.
1215 382 1272 466 Et
1290 383 1402 468 hisce
1420 383 1623 496 specificis
1642 389 1870 502 proprieta-

239 560 243 572 ·
347 511 456 595 tibus
476 511 604 594 fluida
625 508 928 622 distinguuntur
951 506 974 586 a
992 499 1134 585 solidis
1154 500 1198 580 in
1218 495 1498 581 minutiffimas
1525 501 1671 588 itidem
1691 506 1870 614 particu-

347 623 406 708 las
436 624 672 735 discerptis,
692 649 773 704 non
794 645 928 704 tamen
947 636 1069 700 tantae
1087 611 1284 730 agilitatis
1304 636 1379 702 ‚nec
1399 613 1613 806 parvitatis
1624 671 1639 714 3
1662 637 1708 702 ut
1728 619 1870 706 eadem

347 763 431 846 qua
450 738 571 821 fluidi
587 736 785 819 elementa
804 735 908 815 inter
925 728 966 813 se
984 730 1131 842 agitari
1151 745 1303 838 queant
1320 720 1404 808 saci
1426 725 1531 807 'tate
1580 728 1650 811 Sic
1671 727 1874 816 frumenta

346 849 390 931 in
408 846 703 934 subtilissimum
726 846 924 958 pollinem
944 843 1121 928 contrita
1141 842 1186 923 in
1205 865 1353 957 corpus
1377 837 1552 922 fluidum
1570 839 1666 925 ideo
1695 871 1779 928 non
1805 849 1873 931 ab·

341 984 466 1062 eunt,
493 964 590 1074 quia
609 961 843 1072 hujusmodi
856 957 1028 1070 pollinis
1048 953 1261 1068 particulae
1284 955 1443 1036 adeam
1464 953 1692 1042 exilitatem
1712 986 1870 1044 nonac-

342 1077 497 1160 cedunt
506 1121 518 1174 3
534 1102 607 1158 nec
619 1065 793 1188 proindc
801 1073 855 1158 ad
874 1098 963 1156 eam
973 1069 1244 1156 mobilitatem
1254 1066 1500 1179 perveniunt
1511 1095 1636 1178 quarn
1646 1069 1869 1160 fluidorum

250 1229 253 1240 ·
344 1210 486 1272 natura
505 1189 689 1297 requirit.

247 1387 255 1396 ,
399 1328 489 1412 239.
521 1301 633 1384 Cum
654 1302 706 1392 de
727 1301 948 1386 fluidorum
968 1297 1122 1384 viribus
1152 1321 1269 1406 agere
1289 1291 1555 1405 suscipimus,
1571 1323 1653 1379 non
1681 1325 1729 1382 ea
1757 1300 1872 1386 nobis

340 1413 401 1499 est
421 1443 604 1512 mennae
625 1415 653 1498 sr
674 1413 966 1527 particularum
983 1411 1055 1496 seu
1075 1407 1367 1492 elementorum
1389 1405 1537 1521 figuras
1560 1409 1723 1494 definiri
1750 1433 1873 1525 atque

341 1529 559 1641 digit0‚ut
569 1532 628 1611 ita
636 1530 771 1613 dicam
781 1585 795 1626 ‚
812 1525 1023 1615 monstrari
1032 1520 1144 1638 posse
1164 1522 1414 1605 crederemus
1424 1551 1523 1619 ‚nec
1544 1524 1719 1634 proinde
1738 1531 1872 1618 curio-

343 1637 420 1724 s1us
440 1645 483 1724 in
503 1643 574 1726 has
594 1642 884 1726 elementorum
906 1664 1126 1751 corporum
1152 1633 1302 1748 figuras
1331 1635 1559 1745 inquiram,
1586 1637 1685 1748 quia
1715 1639 1780 1722 hae
1812 1645 1870 1725 ni-

258 1751 265 1764 '
317 1825 320 1832 .
343 1755 420 1840 mis
438 1754 546 1838 sorte
566 1757 719 1840 variare
737 1754 867 1838 solent
887 1775 1012 1865 quam
1030 1771 1078 1834 ut
1098 1748 1315 1836 commode
1342 1749 1475 1861 redigi
1506 1749 1665 1862 possint.
1688 1749 1762 1836 sub
1792 1784 1871 1839 ma-

343 1868 587 1953 thematicos
607 1884 855 1982 conceptus3
884 1868 944 1948 nil
962 1867 1071 1948 enim
1092 1861 1292 1973 impedire
1310 1859 1514 1958 existim0,
1525 1867 1744 1973 quominus
1756 1869 1872 1954 unius

318 2043 323 2056 .
343 1983 607 2094 ejusdemque
627 1983 748 2065 fluidi
765 1979 977 2094 particulae
995 2000 1079 2060 tam
1097 1975 1256 2084 ratione
1275 1974 1729 2088 magnitudinis3quam
1753 1983 1871 2066 ratio-

344 2122 395 2177 ne
406 2094 546 2210 figurae
557 2095 753 2196 ,infinitis
771 2093 905 2178 modis
915 2093 1069 2175 variare
1080 2085 1241 2201 poffint.
1281 2087 1446 2170 Idcirco
1467 2087 1687 2200 figurarum
1707 2094 1872 2208 indaga.

343 2209 515 2309 tionem,
529 2211 677 2321 quibus
688 2206 905 2319 cujuslibet
925 2204 1046 2288 fluidi
1064 2200 1274 2317 particula
1295 2199 1870 2316 circumscriptaeessedebent,

347 2319 529 2434 Physicis
549 2323 791 2433 relinquam,
799 2320 986 2429 mihique
995 2317 1189 2427 deinceps
1208 2311 1382 2405 sufficiet
1392 2313 1524 2414 nosse,
1537 2314 1679 2432 figuras
1689 2321 1868 2428 particu-

347 2432 477 2516 larum
508 2441 706 2548 cujusque
735 2431 881 2532 fluidi,
904 2432 1209 2544 qualescunque
1226 2457 1283 2511 επ
1302 2423 1479 2527 suerint,
1497 2430 1715 2516 mobilitati
1733 2461 1872 2517 earum

346 2544 452 2628 nihil
472 2546 635 2632 officere
652 2547 743 2660 ipso
763 2543 874 2630 fabio
884 2602 898 2643 ,
910 2575 1003 2630 cum
1013 2540 1225 2656 particule
1244 2541 1321 2625 sint
1341 2540 1591 2654 (secundum
1604 2545 1872 2663 hypothesin)
1976 2559 1977 2562 ‘

345 2657 516 2769 alicujus
538 2656 683 2763 fluidi,
710 2662 757 2745 id
775 2658 832 2743 est
850 2657 1003 2740 summe
1023 2655 1206 2743 mobiles.
1425 2681 1428 2686 ‘

353 2867 356 2872 .
405 2799 498 2881 240.
528 2773 625 2857 Nec
644 2775 767 2858 etiam
786 2774 840 2856 ad
859 2771 1090 2854 institutum
1111 2767 1289 2853 nostrum
1310 2767 1487 2879 pertinet
1506 2769 1626 2854 anxie
1637 2770 1873 2886 disquirere,

348 2911 447 2970 num
465 2914 561 2971 vera
579 2887 628 2970 fit
649 2887 815 2970 illorum
833 2885 1002 2997 opinio,
1015 2881 1089 2995 qui
1109 2877 1249 2966 fluidis
1279 2881 1531 2991 quibuslibet
1561 2905 1720 2967 motum
1751 2916 1873 2999 quen-

346 2997 823 3111 damquemintestinum
842 3016 1015 3094 vocant,
1039 2995 1251 3094 tribuunt,
1279 3020 1365 3105 quo
1381 2991 1503 3080 fluidi
1524 2997 1736 3107 particulae
1759 3003 1875 3084 variis

349 3110 634 3220 irregularibus
652 3110 902 3212 motionibus
920 3109 1032 3191 ultro
1052 3110 1241 3220 citroque
1259 3109 1358 3190 cieri
1385 3105 1620 3221 finguntur3
1650 3112 1704 3194 ad
1736 3115 1873 3198 distin.

348 3219 524 3306 &ionem
541 3245 676 3306 motus
697 3211 937 3338 progreffivi
952 3217 1098 3320 fluidi,
1111 3249 1196 3333 quo
1216 3241 1304 3304 tota
1323 3225 1406 3334 ejus
1427 3221 1548 3304 massa
1566 3222 1618 3305 de
1638 3223 1734 3309 loco
1754 3229 1800 3310 in
1820 3226 1874 3310 lo·

346 3359 445 3417 cum
464 3335 712 3422 transfertur.
770 3339 839 3422 Sic
860 3365 953 3422 cum
972 3335 1122 3419 labitur
1148 3335 1446 3432 amnis‚motus
1469 3361 1554 3444 quo
1573 3365 1680 3448 aqua
1698 3338 1742 3420 in
1763 3341 1876 3424 alveo

346 3443 420 3529 suo
438 3449 492 3532 ad
511 3449 704 3536 inferiora
722 3450 984 3552 devolvitur,
1003 3447 1060 3533 est
1081 3477 1157 3564 pro
1189 3446 1376 3547 reffivus3
1405 3469 1541 3532 motus
1562 3479 1660 3540 uero
1677 3479 1797 3563 aquae
1817 3484 1876 3540 ca.

346 3559 443 3642 lidae
453 3619 467 3658 ,
494 3547 616 3650 idest
635 3565 814 3649 internus
834 3584 970 3647 motus
988 3567 1071 3674 ejus
1091 3475 1383 3646 mosecularum
1394 3585 1591 3658 ‚vocatur
1610 3587 1746 3650 motus
1775 3571 1874 3650 iute-

348 3669 492 3755 stinus:
520 3677 756 3789 exemplum
767 3675 939 3762 adduco
958 3700 1074 3790 aquae
1096 3673 1264 3772 calida,
1279 3677 1377 3787 quia
1397 3696 1511 3759 certo
1531 3678 1680 3762 certius
1710 3684 1877 3792 ejusmo-

345 3786 391 3874 di
413 3806 528 3868 motu
548 3789 740 3874 intestino
757 3790 969 3906 particula
989 3793 1073 3904 ejus
1093 3789 1313 3905 agitantur,
1322 3787 1393 3880 etfi
1412 3810 1547 3872 motus
1570 3789 1720 3902 ipsein
1740 3795 1876 3885 oculos

345 3927 428 3984 non
447 3900 618 3986 incurrit
629 3949 641 4004 3
669 3925 794 4015 atque
814 3906 916 3989 adeo
934 3925 1022 3988 tota
1042 3929 1158 4018 aquae
1177 3902 1298 3988 massa
1327 3901 1533 4016 quiescere
1552 3906 1731 3990 videtur.
1761 3908 1808 3990 N
1811 3936 1880 3996 um

346 4039 445 4098 vero
458 4017 601 4106 omnia
620 4019 789 4100 omnino
806 4013 937 4102 fluida
956 4019 1031 4102 tali
1050 4040 1167 4102 motu
1187 4014 1379 4102 intestino
1397 4017 1601 4130 agitentur
1621 4019 1879 4136 philosophis

377 4128 521 4226 ariter,
533 4151 580 4212 ut
598 4130 689 4214 dixi
699 4131 1041 4242 ,expendendum
1061 4133 1290 4244 relinquam
1302 4178 1315 4231 3
1328 4159 1402 4230 nec
1414 4131 1522 4215 enim
1533 4133 1690 4229 animus
1701 4136 1806 4225 mibi
1824 4132 1878 4218 est

344 4155 650 4356 ihilosophnis
671 4242 953 4356 controversiis
973 4253 1038 4328 nie
1060 4272 1233 4359 quoquo
1252 4246 1379 4329 modo
1400 4246 1568 4332 irretire.

402 4383 495 4466 241.
526 4357 614 4440 Cor
646 4385 715 4440 ora
733 4356 864 4442 fluida
883 4357 906 4439 ὲ
924 4355 1097 4470 liquidis
1116 4357 1313 4445 differunt
1331 4381 1379 4444 ut
1400 4388 1525 4473 genus
1548 4357 1760 4470 aispecim¹
1790 4387 1884 4454 cum

347 4463 507 4576 liquida
528 4385 697 4583 quidem
718 4466 847 4558 fluida
867 4468 969 4572 sint,
999 4491 1233 4555 nontamen
1253 4474 1346 4559 vice
1376 4472 1498 4564 versa.
1556 4472 1743 4584 Liquida
1774 4477 1897 4564 enirn·

345 4575 553 4694 suntque
574 4589 617 4670 in
638 4585 847 4672 volumine
867 4615 951 4673 non
972 4585 1145 4674 nimium
1162 4585 1315 4699 exiguo
1334 4581 1470 4673 fluunt
1492 4587 1623 4679 donec
1645 4615 1791 4680 eorum
1824 4589 1884 4676 su-

339 4691 531 4798 perficies
549 4701 723 4788 iofitum
742 4700 1042 4824 horizontalem
1061 4699 1101 4794 se
1122 4699 1396 4818 composuerit
1405 4701 1554 4808 3unde,
1567 4699 1764 4812 quiahaec
1788 4729 1885 4830 pro-

799 4853 804 4868 ·
1764 4843 1884 4926 pne·
1931 4897 1934 4908 ,
