4008 5414
349 119 826 304 184Div11t11³us
858 211 926 271 rr
954 183 1239 268 Mortuus
1268 177 1803 297 CorsoruernJI.

262 390 266 397 -
343 327 573 440 que'fundo
591 326 895 412 afferruminato
914 323 967 406 ad
985 321 1154 434 angulos
1183 321 1313 406 redtos
1342 321 1512 424 inserta,
1539 324 1664 411 libere
1689 329 1791 416 hinc·
1805 331 1870 414 in·

343 443 644 540 devolvenda,
670 437 868 526 foramine
887 435 1065 518 rotundo
1081 435 1366 548 amplitudinis
1395 437 1558 539 circiter
1585 441 1675 522 tubi
1704 449 1869 530 recurvi

343 552 533 664 pertuso,
559 583 656 656 eum
672 553 715 634 in
735 549 881 648 finem,
907 567 954 629 ut
966 544 1152 656 ¹foramen
1172 546 1281 632 istud
1300 575 1394 632 cum
1413 553 1590 636 cavitate
1619 551 1710 636 tubi
1733 583 1870 641 recur-

343 667 389 748 vi
409 667 544 749 antlia
565 663 865 751 communicans
883 659 1054 744 liberum
1076 660 1159 746 ae'ri
1177 687 1230 744 ex
1248 659 1353 760 vase,
1362 687 1414 746 ex
1434 681 1519 773 quo
1535 675 1604 746 aer
1622 667 1779 776 expelli
1799 671 1869 752 de.

345 773 415 860 bet
436 775 576 890 (quod
596 803 664 861 vas
684 777 874 888 Recipiens
892 800 986 858 cum
1003 770 1092 856 aliis
1111 774 1272 858 brevius
1301 773 1493 888 deinceps
1523 777 1762 893 vocabitur)
1796 810 1868 894 per

346 888 490 974 tubum
509 915 721 974 recurvum
740 889 783 968 in
802 884 969 968 antliam
988 885 1201 970 transitum
1230 887 1465 998 permittat,
1495 895 1537 972 &
1567 888 1610 970 in
1638 889 1767 974 alium
1783 895 1865 978 scn-

344 999 431 1110 sum
452 999 656 1099 conversa,
672 1007 712 1086 &
736 1026 830 1083 cum
846 995 988 1111 sapius
1004 1001 1087 1109 jam
1108 993 1318 1080 nominato
1336 1001 1437 1084 tubo
1455 1027 1627 1086 recurvo
1642 1029 1726 1084 non
1758 1033 1861 1090 com·

346 1115 554 1198 nrunicans
584 1115 710 1198 modo
736 1133 1096 1196 commemoratum
1114 1110 1215 1196 aeris
1242 1113 1455 1194 transitum
1484 1139 1548 1196 ex.
1566 1113 1790 1226 recipiente
1825 1123 1863 1202 iu
1877 1153 1900 1168 ν
1984 1141 1985 1196 ;

351 1223 739 1340 αηῐΙίαιῃᾴωρεάἱαῑ
757 1246 884 1336 atque
902 1222 1033 1307 tollat.

402 1335 645 1450 «spiraculum
677 1338 733 1422 est
762 1339 915 1420 cavitas
945 1363 996 1420 ex
1024 1333 1252 1418 summitate
1280 1331 1483 1446 epistomii
1513 1333 1557 1418 in
1588 1332 1770 1422 foramen
1788 1342 1867 1450 ejus

347 1451 617 1534 transversum
635 1449 880 1549 desinens&
898 1476 994 1533 cum
1013 1449 1102 1530 tubi
1122 1447 1281 1540 recurvi
1302 1449 1478 1532 cavitate
1503 1445 1671 1532 subinde
1689 1479 1868 1536 commu-

347 1559 510 1662 ni‘cans5
543 1565 658 1648 hians
687 1561 843 1648 acicula
860 1589 968 1645 aenea
985 1588 1062 1673 pro
1082 1559 1140 1642 rei
1157 1559 1383 1672 indigentia
1401 1558 1625 1644 obturanda
1635 1566 1743 1674 ,ejus
1763 1565 1865 1664 usus,
1985 1615 1986 1624 r

349 1694 397 1780 ut
417 1673 662 1788 spiraculum
690 1694 879 1788 apertum·
903 1673 1073 1757 cavitati
1099 1669 1233 1754 antliae
1262 1699 1356 1756 cum
1400 1677 1490 1758 aere
1525 1670 1664 1756 subtlli
1701 1675 1861 1762 liberam

285 1815 289 1820 ·
347 1789 758 1874 communicationem
807 1785 998 1870 ermittat.

402 1897 549 1984 Tubus
565 1901 740 1984 inflexus
773 1902 890 1984 undo
908 1897 1043 1981 antlia
1063 1895 1383 1982 affetruminatus
1401 1893 1642 2090 plerumpue
1658 1897 1802 1986 delinit
1817 1907 1855 1988 in

349 2011 562 2100 cochleam
579 2015 830 2110 marem‚cui
839 2013 995 2096 catinus
1014 2034 1143 2092 aeneus
1162 2010 1205 2092 in
1224 2031 1364 2092 centro
1374 2007 1543 2094 cochlea
1578 2012 1730 2096 oemina
1746 2041 1858 2100 exea·
1986 2033 1987 2070 ³

348 2142 466 2210 vatus
492 2125 842 2211 circumvolvitur.
891 2125 1044 2206 Carino
1062 2119 1293 2234 applicatur
1313 2120 1489 2205 circulus
1507 2123 1709 2207 coriaceus
1725 2129 1856 2210 made·

315 2305 318 2312 .
346 2231 478 2318 faetus
496 2294 511 2336 ‚
539 2241 607 2322 cui
623 2237 821 2352 recipiens
838 2235 1106 2348 utplurimum
1124 2229 1696 2348 carnpanisormeimponitur,
1714 2244 1755 2318 &
1774 2239 1853 2324 cir·

349 2350 556 2434 cumcirca
564 2346 669 2464 aqua
678 2349 902 2434 affunditur
921 2346 1167 2460 marginibus
1186 2345 1312 2429 catini
1322 2403 1336 2445 ,
1355 2347 1410 2429 ad
1428 2349 1626 2462 margines
1642 2351 1719 2458 ejus
1737 2349 1855 2438 elatis

349 2454 546 2566 'contenta
556 2463 947 2574 ,adimpediendum
965 2459 1121 2544 externi
1140 2459 1241 2544 aeris
1257 2458 1485 2577 ingressum.

407 2573 590 2687 Agitatis
616 2575 767 2659 emboli
786 2573 939 2658 constat
958 2601 1042 2654 uno
1057 2577 1141 2684 ejus
1160 2575 1221 2653 itu
1248 2599 1300 2654 ex
1327 2569 1459 2657 fundo
1487 2572 1621 2655 antliae
1647 2603 1779 2685 usque
1806 2575 1857 2656 ad

350 2685 557 2880 prisicium
584 2687 652 2772 seu
679 2708 803 2800 caput
819 2693 924 2799 ejus,
951 2711 1117 2796 unoque
1132 2680 1261 2767 reditu
1290 2686 1341 2768 ab
1361 2684 1522 2770 orificio
1538 2689 1745 2798 usquead
1771 2683 1856 2770 sun-

382 2825 464 2882 um.
978 2869 982 2880 .
1402 2871 1407 2878 .
1915 2859 1922 2876 .

349 2901 354 2909 ’
408 2939 500 3023 329.
527 2911 577 2996 In
597 2911 727 3027 figura
750 2936 814 3022 79.
846 2907 921 2992 AB
940 2907 997 2994 est
1016 2935 1162 3020 corpus
1192 2907 1351 3024 antlia,
1379 2905 1453 2996 EF
1475 2909 1665 2994 ambolus
1693 2909 1857 2996 cavitati
1988 2945 1989 2996 r

344 3019 489 3104 fantliae
508 3023 655 3108 affabre
664 3025 878 3134 adaptatur
887 3077 901 3118 ‚
912 3037 958 3102 ut
975 3021 1102 3104 antlia
1119 3047 1320 3132 nusquam
1338 3011 1536 3134 perfluere
1551 3046 1674 3134 queat
1684 3070 1698 3124 3
1728 3022 1853 3108 BOH

351 3129 408 3213 est
426 3134 546 3215 tubus
565 3136 619 3218 ad
639 3133 682 3218 Ο
703 3137 877 3220 inflexus
895 3131 1030 3216 antlia
1057 3131 1188 3218 fundo
1208 3137 1251 3218 in
1277 3135 1312 3218 B
1342 3131 1664 3219 afferruminatus
1675 3195 1690 3236 ‚
1709 3145 1750 3219 δι
1770 3165 1857 3220 curn

337 3241 437 3355 “ejus
454 3247 632 3356 cavitate
650 3256 690 3334 ὃς
710 3276 804 3333 cum
823 3245 1045 3358 recipiente
1073 3247 1126 3332 M
1157 3248 1457 3331 communicans
1488 3274 1561 3359 per
1584 3245 1769 3332 foramen
1788 3250 1832 3332 H
1843 3293 1858 3348 3

345 3353 468 3472 liujus
486 3359 575 3446 tubi
589 3357 780 3446 foramini
793 3357 980 3460 inseritur
998 3355 1254 3472 epistonrium
1274 3357 1518 3470 1K,qu0d,
1537 3382 1661 3472 prout
1678 3360 1723 3442 in
1748 3349 1871 3445 hunc'

352 3471 419 3552 vel
446 3472 564 3556 illurn
593 3468 748 3558 sensum
775 3469 1051 3571 convertitur,
1069 3471 1181 3562 tollit
1201 3469 1269 3557 vel
1294 3475 1425 3584 aperit
1452 3473 1853 3558 communicationem
1902 3569 1904 3574 Ι

333 3578 490 3690 [αηὲΙιέέ
502 3581 596 3668 cuni
624 3577 845 3698 recipiente
864 3585 928 3669 M.
975 3583 1073 3668 Hoc
1092 3581 1348 3695 epistomium
1368 3580 1434 3667 IK
1454 3583 1703 3695 perforatum
1719 3585 1773 3670 est
1790 3613 1852 3670 us-

350 3717 433 3800 que
448 3696 503 3776 ad
520 3701 604 3808 ejus
622 3697 804 3783 foramen
825 3695 1115 3794 transversum,
1141 3726 1188 3779 ac
1208 3696 1294 3778 haec
1315 3697 1468 3779 cavitas
1488 3721 1659 3802 vocatur
1682 3697 1855 3808 spiracu-

313 3849 322 3862 ·
347 3803 437 3914 lum
457 3807 527 3889 cui
548 3809 704 3894 acicula
725 3811 745 3894 Ι
766 3811 973 3910 inseritur,
1000 3832 1047 3893 ut
1067 3809 1384 3894 communicatio
1402 3806 1536 3890 antliae
1565 3839 1661 3915 curn
1689 3819 1857 3894 externo

348 3921 438 4001 aare
457 3919 647 4022 tollatur,
673 3923 828 4006 acicula
846 3926 946 4008 verb
966 3944 1194 4006 removetur
1209 3921 1439 4034 iterumque
1447 3922 1686 4026 extrahitur,¹
1696 3924 1856 4033 quoties

347 4025 424 4113 hac
444 4034 811 4118 communicatione
827 4063 930 4146 opus
949 4033 1029 4132 est,
1040 4033 1109 4118 vel
1126 4033 1182 4118 ad
1195 4032 1482 4149 expellendum
1500 4039 1704 4146 aercmex
1723 4035 1857 4118 antliae

347 4146 525 4236 cavitate
534 4144 626 4243 ,vel
642 4143 765 4230 ctiam
784 4145 836 4228 ad
852 4147 1149 4229 admittendum
1175 4167 1385 4228 externum
1401 4152 1530 4231 ae'rcrn
1541 4149 1631 4245 ,eo
1650 4147 1855 4258 casu,quo

346 4267 416 4342 ae‘r
433 4259 665 4370 recipientis
684 4259 740 4344 est
759 4256 1073 4344 condensandus.
1114 4255 1197 4345 CD
1215 4258 1272 4341 est
1289 4259 1461 4359 catinus,
1469 4265 1582 4372 cujus
1599 4262 1792 4373 margines
1810 4261 1854 4340 in
1944 4263 1950 4277 '

349 4369 443 4476 C&
455 4371 496 4452 D
509 4370 852 4456 nonnihilelevati
868 4371 1096 4485 marginum
1115 4369 1236 4454 instar
1255 4371 1346 4455 sunt
1357 4428 1370 4469 ,
1389 4370 1654 4484 aquamcirca
1662 4371 1859 4484 recipiens

291 4497 304 4527 ·
349 4481 516 4566 affusam
535 4485 810 4586 continentem
837 4485 975 4568 catino
1001 4482 1175 4568 circulus
1206 4485 1407 4569 coriaceus
1437 4483 1481 4567 in
1511 4505 1651 4574 centro
1682 4481 1860 4598 persora-

320 4697 329 4720 Ι
347 4607 416 4697 tus
434 4601 473 4676 δι
492 4596 737 4722 madefactus
757 4599 989 4720 applicatur
997 4638 1018 4714 ‚j
1030 4597 1100 4692 tui
1114 4589 1311 4714 deinceps
1330 4597 1528 4711 recipiens
1557 4595 1610 4682 M
1637 4597 1863 4725 imponitur

301 4739 305 4746 ’
1053 4731 1061 4749 ·
1283 4773 1287 4782 -
1740 4737 1866 4796 mant·
