4030 5416
573 235 1313 392 mrnnuoix
1541 257 1713 411 'm
1882 242 1941 285 '⁶

186 423 238 524 sn
255 438 324 554 lig.
340 461 405 552 37.
425 465 473 521 ac
492 435 668 550 proinde
686 439 810 522 altera
828 434 1060 550 asymptota
1079 463 1152 546 per
1172 459 1354 522 centrum
1374 436 1434 522 ire
1454 463 1537 522 non
1555 439 1714 549 potest,
1871 519 1876 530 ,

183 575 235 634 ut
253 581 327 663 per
347 551 685 656 inadvertenti'am
707 578 801 662 pag.
827 553 891 634 81.
922 544 1167 656 scripseram.
1224 551 1416 661 Reliquae
1444 553 1711 663 proprietates

172 667 368 774 ‘ejusdem
390 693 525 749 curvae
545 663 633 747 AN
653 660 724 774 fig.
743 667 833 746 160.
856 662 879 743 d
899 659 1138 743 Bernoullio
1156 685 1478 758 commemoratae
1507 664 1623 746 nullo
1641 687 1709 746 ne·
1804 699 1809 707 ’

180 779 307 889 gotio
323 805 379 860 ex.
395 777 538 864 nostris
556 771 920 860 construstiouibus
937 771 1181 874 eliciuntur,
1191 798 1407 887 propterea
1422 777 1567 862 iisdem
1584 773 1713 861 fusius

180 889 447 1002 explicandis
465 888 715 1000 supersedeo.

227 1001 470 1101 Caeterum,
480 1028 572 1110 quae
584 1027 676 1114 pag.
689 1004 756 1084 80.
766 1025 878 1080 num.
888 1019 927 1104 4..
943 996 1113 1080 habetur
1121 997 1314 1109 exceptio
1323 998 1445 1110 ipsius
1455 999 1581 1099 casus,
1592 1028 1676 1111 quo
1679 1023 1709 1116 p

148 1184 151 1196 .
182 1111 354 1214 est-1,
380 1113 541 1241 prorsus
571 1110 729 1196 inutilis
756 1109 839 1209 est,
866 1117 906 1193 δι
937 1109 1165 1222 propositio
1192 1103 1282 1194 illic
1308 1137 1528 1196 memorata
1557 1114 1709 1222 absque
1861 1165 1867 1170 -
2011 1147 2012 1210 ς

181 1226 263 1312 hac
280 1227 526 1340 exceptione
544 1225 784 1338 generaliter:
800 1222 985 1318 obtinet,
1008 1221 1036 1302 li
1056 1221 1160 1305 evel
1177 1249 1196 1305 s
1214 1221 1370 1323 sunto,
1395 1224 1466 1307 sed
1486 1226 1572 1308 haee
1590 1253 1709 1308 exce·

180 1340 280 1451 ptio
300 1361 459 1424 tantum
478 1340 587 1424 valet
606 1341 650 1420 in
669 1335 1187 1443 contradimoriaejusdem
1211 1335 1526 1448 propositionis,
1552 1336 1709 1421 scilicet

182 1450 357 1534 nonnisi
375 1452 455 1536 hoc
483 1451 575 1538 casu
587 1472 719 1565 γε·
733 1476 750 1532 1
764 1446 1363 1562 ,duobusquereliquispz-ii
1379 1477 1395 1532 1
1409 1479 1479 1547 ‚ac
1491 1479 1533 1529 :
1544 1477 1618 1532 -2
1639 1477 1710 1532 ex.

181 1565 342 1674 ceptis,
369 1593 535 1650 curvam
556 1563 643 1646 AN
668 1585 849 1670 unquam
867 1556 956 1640 fieri
984 1556 1096 1668 posse
1123 1561 1389 1672 algebraicam
1418 1564 1462 1646 in
1490 1561 1714 1676 hypothesi

125 1735 129 1744 ·
182 1676 305 1788 quod
323 1676 363 1758 G
381 1701 428 1759 ut
448 1689 510 1775 v,
537 1695 680 1758 neutra
698 1700 750 1756 ex
770 1671 963 1780 duabuse
982 1670 1050 1752 vel
1068 1697 1088 1752 s
1105 1671 1382 1757 evanescente..

244 1789 510 1874 Constituit-io
536 1787 768 1898 praecedens
797 1783 932 1868 adhuc
960 1781 1182 1894 elegantior
1208 1784 1326 1868 reddi
1353 1785 1492 1898 potest
1519 1783 1725 1870 ducendo
1873 1751 1878 1760 Ι

147 1897 291 1996 eRW
322 1899 563 2012 parallelam
587 1899 683 1997 GS,
710 1905 751 1981 &
778 1895 1034 1978 demittendo
1063 1892 1181 2004 super
1209 1925 1296 1978 eain
1315 1924 1365 1980 ex
1386 1898 1540 2010 pundo
1560 1899 1717 2010 B2per.
1821 1895 1824 1900 '
1983 2022 1991 2038 1

179 2013 490 2124 pendiculatem
520 2011 620 2095 BW
631 2068 646 2110 ,
673 2032 767 2095 tum
779 1997 914 2094 'duffii
933 2033 1006 2119 per
1034 2005 1069 2091 B
1100 2013 1193 2090 &n
1221 2008 1435 2117 parallelis·
1454 2012 1523 2094 axi
1543 2009 1623 2094 AC
1637 2031 1709 2109 ,ut

181 2125 257 2207 ΒΦ
285 2133 327 2209 &
349 2138 435 2225 ne,
452 2121 740 2232 'sumendoque
758 2119 802 2200 ii
820 2121 954 2230 priore
973 2115 1223 2231 segmentum
1247 2133 1301 2199 ΛΦ
1316 2123 1473 2231 aequale
1493 2123 1720 2236 perpendi..

5 2317 7 2322 ,
180 2235 284 2320 culo
301 2235 403 2322 BW
413 2293 429 2335 ,
454 2237 835 2352 orieturquegcurva
853 2255 935 2330 eo,
960 2229 1005 2311 in
1025 2234 1138 2343 cujus
1156 2232 1369 2332 ordinatis,
1379 2233 1415 2315 si.
1428 2249 1485 2315 ne
1494 2236 1607 2316 :iil
1625 2233 1712 2318 sue·
1874 2255 1877 2264 ’

1 2353 4 2359 ’
183 2348 243 2430 rit
260 2349 315 2428 ad
335 2364 396 2426 om
409 2367 458 2426 iit
476 2359 533 2422 no
551 2347 605 2428 ad
620 2362 709 2443 ΘΠ,
736 2345 858 2426 itaut
879 2367 1005 2424 curva
1023 2358 1080 2421 ao·
1092 2344 1304 2453 reciproca
1313 2343 1438 2428 fuerit
1455 2342 1622 2431 alterius
1642 2364 1713 2432 em
1870 2413 1875 2424 .

184 2457 297 2540 Haec
318 2453 527 2568 reciproca
543 2471 596 2537 ιο
613 2457 692 2537 erit
711 2457 834 2539 etiam
847 2481 955 2537 nune
974 2452 1080 2536 scala
1099 2455 1509 2568 celeritatum,atque
1527 2459 1629 2540 adeo
1647 2490 1721 2544 ea·-

186 2567 283 2654 dem
303 2573 549 2652 tumfcurva
564 2567 687 2663 HIF,
714 2554 798 2653 sed‘
812 2567 864 2650 ad
885 2593 1002 2653 axem
1021 2566 1093 2646 An
1110 2567 1259 2664 relata,
1284 2567 1379 2652 loco
1397 2572 1484 2655 axis
1506 2569 1588 2654 HE
1607 2628 1631 2669 ,=
1658 2571 1713 2656 ad
1827 2611 1831 2618 ·
2001 2571 2009 2586 '

186 2704 312 2788 quem
334 2677 459 2764 altera
480 2681 588 2766 HlF
609 2679 812 2765 exstrudla
827 2679 896 2764 est.
927 2678 1061 2762 Inhac
1072 2676 1368 2763 construslione
1379 2708 1510 2793 neque
1520 2681 1637 2762 lineis
1658 2681 1724 2764 Al’

184 2817 323 2986 ppque
330 2791 554 2908 hyperbole
571 2789 668 2891 ΚΜ
681 2821 785 2906 opus
794 2792 851 2878 est
860 2849 885 2894 ‚.
896 2812 1022 2902 atque
1039 2789 1141 2876 adeo
1160 2791 1347 2878 nonnihil
1365 2792 1589 2906 simplicior
1605 2788 1724 2902 fadai
1842 2843 1852 2862 ·

561 3409 565 3418 -
747 3341 802 3434 ,B
853 3343 1064 3432 1'N11·
1113 3346 1168 3434 S'..
