4008 5414
346 161 822 346 184Dsllrn1sus
854 251 923 312 nr
951 224 1235 310 Mortuus
1264 218 1801 338 consonantiam.

340 400 422 482 que
432 369 570 456 ⁴fundo
587 367 892 454 afferruminato
911 363 964 448 ad
982 363 1150 474 angulos
1180 361 1309 448 restes
1339 363 1509 466 inserta,
1536 365 1660 452 libere
1686 371 1788 458 hinc'
1803 374 1874 456 in·

340 485 394 568 de
412 484 641 582 volvenda,
666 477 864 565 foramine
883 477 1062 560 rotundo
1078 476 1362 588 amplitudinis
1391 478 1555 581 circiter
1582 482 1672 566 tubi
1701 491 1871 572 recurvi

340 594 529 706 pertuso,
556 595 711 698 eumin
731 591 853 675 finem
864 646 878 688 ,
904 609 951 670 ut
963 585 1149 696 ¹foramen
1169 587 1278 672 istud
1296 617 1391 674 cum
1410 593 1586 676 cavitate
1616 594 1707 678 tubi
1729 622 1872 682 recur-

340 709 386 790 vi
405 708 540 791 antliae
562 705 862 792 communicans
879 701 1050 785 liberum
1073 701 1156 788 ae'ri
1174 728 1227 784 ex
1244 699 1410 801 vase,ex
1429 721 1516 815 quo
1532 716 1601 788 aer
1619 706 1776 816 expelli
1797 713 1870 794 de-

342 815 411 902 bet
432 815 572 932 (quod
593 845 661 903 vas
680 819 871 930 Recipiens
888 841 982 898 cum
998 810 1089 897 aliis
1109 814 1269 898 brevius
1297 814 1490 928 deinceps
1520 819 1758 934 vocabitur)
1794 852 1869 934 per

343 929 487 1016 tubum
505 958 717 1016 recurvum
737 931 780 1010 in
799 925 965 1010 antliam
985 925 1198 1010 transitum
1226 927 1461 1038 permittat,
1492 936 1534 1012 &
1563 929 1606 1012 in
1635 929 1764 1015 alium
1780 937 1865 1018 sen-

340 1039 428 1151 sum
449 1041 652 1140 conversa,
668 1049 708 1127 dc
733 1069 826 1125 cum
843 1037 985 1152 saepius
1001 1042 1084 1150 jam
1104 1033 1314 1121 nominato
1331 1041 1433 1124 tubo
1452 1069 1623 1128 recurvo
1639 1069 1722 1126 non
1755 1073 1860 1130 com-

343 1157 551 1240 municans
581 1157 706 1240 modo
733 1173 1092 1238 commemoratum
1110 1151 1212 1237 aeris
1238 1154 1451 1236 transitum
1481 1180 1545 1236 ex.
1562 1153 1788 1267 recipiente
1821 1164 1861 1242 in
1880 1195 1901 1208 f

348 1265 736 1380 antliamjmpediat
753 1288 881 1378 atque
899 1265 1030 1348 tollat.

400 1377 641 1491 Spiraculum
674 1378 729 1463 est
758 1380 911 1462 cavitas
941 1405 993 1460 ex
1021 1375 1249 1460 summitate
1276 1372 1480 1488 epistomii
1510 1375 1554 1458 in
1584 1373 1768 1464 foramen
1785 1383 1863 1492 ejus

344 1491 612 1576 transversum
632 1492 876 1589 desinens&
896 1519 990 1574 cum
1008 1490 1098 1572 tubi
1118 1489 1277 1582 recurvi
1298 1491 1474 1574 cavitate
1500 1487 1668 1574 subinde
1687 1521 1864 1577 commu·

344 1601 507 1704 ni'cans;
541 1605 655 1690 hians
684 1602 841 1689 acicula
857 1631 964 1686 aenea
982 1629 1058 1714 pro
1078 1601 1138 1682 rei
1154 1599 1380 1712 indigentia
1397 1603 1621 1684 obturanda
1632 1608 1740 1714 ,ejus
1761 1607 1862 1706 usus,
1923 1611 1925 1614 ’

346 1737 393 1822 ut
414 1715 660 1830 spiraculum
686 1735 876 1829 apertum
899 1715 1070 1800 cavitati
1095 1713 1230 1796 antliae
1259 1741 1353 1797 cum
1397 1719 1486 1800 ae're
1516 1711 1663 1821 subtili
1699 1717 1859 1804 liberam

283 1856 286 1862 ·
344 1831 754 1914 communicationem
804 1827 994 1912 ermittat.
1727 1887 1739 1900 .-

399 1939 545 2026 Tubus
561 1943 737 2026 inflexus
775 1943 886 2024 undo
905 1940 1040 2022 antliae
1060 1937 1380 2024 afferruminatus
1398 1935 1639 2132 plerumgue
1655 1939 1852 2030 desinitin

221 2101 225 2106 ·
346 2052 559 2140 cochleam
575 2049 826 2152 marem,cui
836 2053 992 2137 catinus
1011 2075 1140 2134 aeneus
1158 2052 1201 2134 in
1221 2072 1361 2134 centro
1370 2050 1539 2136 cochlea
1575 2053 1729 2137 oemina
1744 2083 1856 2140 exca-

345 2184 463 2250 vatus
489 2167 839 2276 circumvolvitun
887 2165 1041 2248 Carino
1059 2161 1290 2275 applicatur
1310 2163 1486 2246 circulus
1504 2165 1706 2248 coriaceus
1723 2171 1853 2270 made·

312 2347 315 2353 .
343 2273 475 2360 fastus
493 2337 508 2378 ‚
535 2283 602 2364 cui
620 2277 1104 2392 recipiensutplurimum
1122 2271 1437 2386 campanisorme
1446 2277 1694 2386 imponitur,
1712 2285 1753 2360 δε
1772 2281 1850 2364 cir-

194 2399 200 2408 ’
346 2392 553 2475 cumcirca
561 2420 666 2505 aqua
675 2391 899 2476 affunditur
919 2387 1164 2502 marginibus
1182 2387 1309 2471 catini
1319 2445 1333 2488 ,
1353 2388 1406 2471 ad
1425 2390 1623 2502 margines
1639 2393 1718 2499 ejtrs
1736 2390 1851 2478 elatis

346 2495 945 2616 'contenta,adimpediendum
962 2501 1118 2586 externi
1137 2501 1238 2585 ae'ris
1253 2500 1482 2620 ingressum.
1837 2588 1839 2591 ,

404 2615 586 2728 Agitatis
614 2617 764 2701 emboli
783 2613 937 2700 constat
955 2643 1038 2697 uno
1055 2617 1137 2725 ejus
1157 2617 1217 2695 ita
1245 2640 1297 2696 ex
1324 2611 1457 2697 fundo
1484 2615 1618 2696 antliae
1644 2643 1775 2727 usque
1803 2617 1853 2698 ad

347 2726 554 2922 priscium
581 2728 649 2812 seu
676 2750 800 2841 caput
816 2734 921 2841 ejus,
948 2753 1114 2838 unoque
1130 2723 1258 2809 reditu
1287 2727 1338 2810 ab
1358 2725 1519 2812 orificio
1534 2755 1665 2839 usque
1689 2729 1742 2812 ad
1767 2725 1852 2810 sun·

379 2866 460 2924 um.
975 2909 979 2922 .
1045 2863 1048 2870 ’
1398 2913 1404 2920 .
1910 2901 1917 2916 .

346 2942 351 2951 ’
405 2981 499 3065 329.
524 2953 574 3037 In
594 2953 724 3068 figura
747 2978 811 3064 79.
843 2951 918 3036 AB
938 2949 994 3035 est
1013 2977 1159 3064 corpus
1189 2949 1349 3050 antlia,
1376 2945 1450 3036 EF
1479 2951 1661 3068 ambolus
1689 2950 1854 3037 cavitati

231 3068 233 3074 ’
341 3062 487 3146 {antlia
505 3065 653 3148 affabre
662 3069 875 3176 adaptatus
885 3079 955 3160 ,ut
973 3063 1099 3146 antlia
1116 3089 1318 3174 nusquam
1335 3061 1530 3175 perfluere
1548 3087 1671 3176 queat
1681 3111 1695 3166 3
1724 3064 1850 3149 BOH

348 3171 406 3254 est
423 3176 543 3258 tubus
562 3178 616 3258 ad
636 3175 679 3260 O
700 3179 875 3261 inflexus
893 3174 1027 3258 antlirc
1054 3173 1185 3258 fundo
1205 3180 1248 3259 in
1274 3177 1309 3260 B
1339 3175 1687 3277 afferruminatus‚
1707 3185 1747 3260 ὃς
1767 3206 1854 3261 cum
1973 3229 1975 3232 ·

335 3283 435 3396 ‘ejus
453 3289 629 3400 cavitate
647 3296 687 3374 dc
707 3319 801 3374 cum
816 3287 1042 3398 recipiente
1070 3289 1123 3374 M
1154 3289 1454 3372 communicans
1485 3317 1558 3400 per
1582 3287 1765 3374 foramen
1787 3291 1829 3374 H
1840 3335 1867 3402 3·

342 3397 465 3514 liujus
483 3401 572 3488 tubi
587 3399 777 3487 foramini
790 3401 977 3504 inseritur
995 3397 1251 3514 epistomium
1272 3399 1364 3497 IK,
1375 3403 1515 3513 quod,
1533 3423 1658 3514 prout
1676 3402 1720 3484 in
1747 3403 1851 3485 hunc

349 3513 561 3600 velillum
591 3513 745 3600 sensum
773 3512 1047 3614 convertitur,
1066 3513 1179 3604 tollit
1197 3509 1266 3596 vel
1292 3516 1422 3625 aperit
1449 3515 1849 3598 communicationem
1896 3609 1899 3614 ¹

330 3618 481 3730 ‘'a'n'tli'ae
499 3623 593 3710 cuni
621 3619 843 3741 recipiente
861 3626 925 3710 M.
972 3626 1071 3709 Hoc
1089 3623 1345 3736 epistomium
1365 3623 1432 3708 IK
1451 3625 1701 3739 perforatum
1717 3627 1772 3710 est
1788 3653 1849 3710 us-

347 3758 430 3842 que
446 3737 501 3818 ad
517 3742 601 3848 ejus
620 3739 801 3824 foramen
822 3739 1112 3838 transversum,
1139 3767 1185 3822 ac
1206 3739 1292 3822 haec
1312 3739 1465 3822 cavitas
1485 3762 1655 3846 vocatur
1680 3739 1853 3850 spiracu-

311 3891 320 3904 ·
344 3845 434 3956 lum
455 3849 524 3930 cui
545 3850 702 3936 acicula
721 3855 742 3935 I
762 3853 971 3950 inseritur,
997 3873 1044 3935 ut
1065 3852 1382 3952 communicatio
1400 3848 1533 3933 antliae
1563 3880 1657 3956 cum
1686 3859 1855 3934 externo

345 3961 435 4041 aere
454 3960 644 4061 tollatur,
671 3965 826 4049 acicula
844 3969 943 4050 verb
963 3986 1192 4050 removetur
1206 3957 1436 4074 iterrunque
1445 3963 1684 4061 extrahitur,
1694 3967 1855 4074 quoties

344 4064 422 4154 hac
442 4075 809 4159 communicatione
825 4105 928 4187 opus
947 4074 1026 4174 est,
1037 4075 1106 4159 vel
1123 4075 1179 4158 ad
1193 4074 1479 4188 expellendum
1498 4081 1629 4160 aierem
1649 4104 1702 4158 ex
1721 4075 1856 4160 antlia:

345 4187 522 4276 cavitate
532 4186 624 4300 ‚vel
639 4185 762 4272 etiam
781 4189 834 4270 ad
850 4188 1145 4271 admittendum
1173 4208 1382 4270 externum
1399 4189 1628 4302 aiirern,'eo
1639 4181 1853 4299 ¹casu,quo

343 4308 413 4382 a‘e'r
430 4301 663 4412 recipientis
682 4301 738 4386 est
756 4295 1071 4386 condensandus.
1112 4297 1194 4386 CD
1212 4299 1270 4382 est
1286 4301 1579 4413 catinuS,cujus
1596 4303 1791 4414 margines
1808 4303 1852 4382 in
1939 4303 1945 4320 '

347 4410 441 4518 C&
453 4413 494 4494 D
506 4411 694 4496 nonnihil
701 4415 849 4498 elevati
866 4411 1093 4526 marginum
1113 4410 1234 4495 instar
1252 4412 1368 4511 sunt,
1386 4441 1533 4524 aquam
1541 4412 1651 4496 circa
1659 4411 1856 4524 recipiens

288 4539 301 4568 ·
347 4521 807 4628 affusamcontinentes3
836 4527 972 4610 catino
997 4523 1172 4638 circulus
1202 4525 1405 4609 coriaceus
1434 4525 1478 4607 in
1509 4547 1648 4615 centro
1677 4522 1856 4638 perfora-

318 4741 327 4762 Ι
345 4647 414 4738 tus
432 4641 471 4716 br
489 4637 734 4762 madefastus
755 4641 986 4762 applicatur
994 4679 1013 4744 2·
1027 4640 1097 4756 cui
1112 4640 1309 4756 ¹deinceps
1328 4639 1526 4756 recipiens
1555 4637 1607 4750 M
1634 4637 1859 4766 imponitur

299 4781 302 4789 “
1050 4773 1058 4791 “
1280 4814 1285 4823 -
1737 4773 1860 4836 manl-
