4008 5414
196 265 276 354 Da
309 263 566 354 Virrius
597 288 666 349 er
693 263 1622 388 MotrausConaonun.L1n.lI.185

98 406 376 516 manibusque
394 401 558 490 fortiter
577 402 833 518 astringitur,
862 411 925 505 δι’,
953 425 1001 488 ut
1019 405 1144 490 modo
1170 405 1356 505 dissum,
1392 411 1624 498 circumcir-

98 545 159 602 ca
181 546 284 628 aqua
300 515 530 602 affunditur
549 517 593 596 in
613 517 750 598 catino
770 576 784 616 ‚
811 521 947 598 omnia
966 517 1104 614 adid,
1125 543 1174 597 ne
1194 528 1261 598 aer
1279 522 1454 604 exterior
1475 551 1547 630 per
1563 529 1625 608 ul-

100 626 209 716 lam·
222 632 365 714 rimam
397 632 440 710 in
469 625 670 740 recipiens
691 626 731 710 se
751 628 947 711 insinuare
966 649 1099 740 queat.
1140 627 1193 710 Et
1213 628 1265 712 stc
1285 634 1419 714 omnia
1438 633 1490 715 ad
1508 635 1624 720 usum

98 763 227 822 erunt
245 763 398 853 parata.
455 739 558 820 Non
578 768 642 821 me
668 738 768 823 latet
796 741 968 824 artifices
1001 739 1189 821 nonnihil
1215 742 1330 825 aliter
1360 746 1502 826 antlias
1531 775 1627 828 con·

99 851 259 935 struere
289 851 597 961 solere‚quoad
623 853 834 936 nonnullas
863 851 1204 950 circumstantias,
1233 881 1325 934 curn
1356 861 1436 964 ejus
1466 862 1628 969 corpori

102 963 234 1046 situm
256 965 498 1048 inclinatum
520 963 638 1060 dent,
666 966 740 1073 qui
759 987 893 1047 tamen
916 968 957 1046 in
978 963 1178 1046 schemate
1197 963 1332 1054 nostro
1352 967 1407 1047 est
1436 969 1627 1053 horizon-

97 1077 231 1174 talis;
259 1075 330 1158 sed
347 1078 426 1158 hoc
445 1075 692 1158 accidentale
710 1075 790 1176 est,
818 1105 891 1160 nec
912 1078 965 1159 ad
980 1080 1063 1185 ejus
1085 1075 1303 1159 essentiales
1322 1077 1415 1160 usus
1435 1075 1544 1162 facit.
1560 1083 1627 1166 Sic
1752 1105 1756 1120 '

98 1189 239 1270 etiam
260 1188 501 1298 spiraculum
521 1186 690 1270 subinde
708 1187 824 1270 aliter
846 1216 969 1299 quam
991 1189 1147 1271 anobis
1167 1185 1415 1298 descriptum
1426 1190 1482 1271 est
1493 1219 1629 1300 parare

106 1298 409 1382 consueverunt
428 1307 467 1381 &
490 1299 633 1382 tubum
654 1301 810 1400 ΒΘΗ,
822 1300 892 1384 sed
912 1329 1159 1411 quocunque
1178 1299 1302 1381 modo
1321 1303 1368 1384 id
1386 1302 1630 1403 construant,

103 1411 223 1494 idem
245 1408 403 1522 semper
419 1409 584 1494 effeetus
603 1411 766 1494 debebit
783 1413 981 1525 praestari,
1010 1441 1104 1495 cum
1123 1441 1173 1494 eo
1193 1413 1266 1521 qui
1276 1411 1332 1494 est
1350 1418 1392 1494 in
1413 1415 1537 1497 antlia
1555 1419 1629 1498 hu-

102 1526 174 1633 jus
193 1521 490 1634 descriptionis.
521 1523 613 1607 Imd
634 1552 755 1624 ver0‚
777 1525 806 1612 st
827 1553 918 1636 quae
938 1526 1055 1608 aliter
1072 1524 1293 1637 patant‚id
1302 1527 1500 1610 duntaxat
1510 1528 1631 1640 respi-

113 1636 175 1716 cit
194 1633 418 1721 faciliorem
439 1635 575 1718 antliae
595 1633 723 1718 usum.
1430 1649 1433 1654 “

176 1773 265 1856 330.
293 1749 532 1860 Praeparatis
551 1750 735 1834 omnibus
756 1775 846 1860 quae
869 1750 905 1848 §.
926 1734 1172 1859 praebcdenti
1191 1749 1392 1860 descripta
1411 1748 1502 1832 sunt
1514 1780 1631 1862 ‚ape-

116 1857 244 1942 riatur
262 1860 522 1972 epistomium
542 1859 640 1959 rK,
677 1883 723 1944 ut
752 1863 950 1973 recipiens
972 1863 1022 1944 M
1044 1890 1136 1944 cum
1158 1863 1283 1944 antlia
1304 1859 1378 1942 AB
1400 1890 1472 1972 per
1490 1865 1632 1948 tubum

115 1968 241 2058 HOB
263 1975 563 2056 communicare
583 1972 724 2084 poffit,
752 1975 941 2056 obturato
973 1973 1129 2057 scilicet
1155 1973 1357 2084 spiraculo
1379 1975 1423 2071 Ι,
1450 1982 1489 2056 bt
1512 1997 1632 2060 retra-

115 2083 236 2170 hatur
252 2086 433 2171 embolus
455 2085 529 2169 EF
552 2113 681 2195 usque
697 2090 751 2171 ad
770 2087 973 2170 orificium
993 2086 1127 2168 antl'rae
1139 2084 1178 2164 A
1197 2087 1238 2167 in
1259 2083 1305 2200 ef
1306 2145 1319 2185 ‚
1332 2114 1417 2197 quo
1427 2086 1500 2169 fret
1510 2103 1633 2174 utae'r

116 2197 192 2308 qui
213 2201 425 2284 cavitatem
446 2201 680 2308 recipientis
703 2201 816 2282 M&
839 2200 927 2280 tubi
940 2197 1069 2280 HOB
1093 2197 1356 2308 impleverat,
1371 2197 1409 2280 se
1428 2199 1634 2283 diffundat

114 2335 189 2420 per
206 2331 341 2413 totum
349 2309 522 2420 spatium
533 2309 767 2506 MHOBgf
766 2368 779 2408 ,
791 2310 1059 2419 compositum
1072 2337 1122 2394 ex
1141 2312 1384 2394 cavitatibus
1403 2314 1635 2422 recipientis

117 2419 198 2514 M,
225 2419 315 2503 tubi
333 2419 459 2504 HOB
481 2431 521 2506 &
544 2423 678 2504 antliae
738 2420 795 2536 ef,
823 2443 947 2530 atque
964 2423 1068 2503 adeb
1099 2421 1274 2505 residuus
1306 2424 1538 2532 recipientis
1566 2438 1635 2510 aer

116 2531 159 2618 se
180 2531 342 2616 habebit
358 2535 410 2616 ad
427 2547 571 2632 aerem,
583 2563 704 2644 quern
726 2556 841 2617 antea
858 2534 1114 2628 continebat,
1140 2554 1187 2613 ut
1205 2535 1436 2643 recipientis
1455 2537 1506 2618 M
1528 2540 1633 2620 tubi,

117 2671 203 2756 qur:
224 2641 353 2730 HOB
376 2647 570 2732 cavitates
591 2647 706 2728 simul
726 2649 778 2730 ad
798 2648 991 2730 cavitates
1011 2627 1219 2746 M‚BOH
1239 2655 1278 2727 &
1302 2643 1383 2758 Bes
1392 2647 1633 2732 simul-sum.

115 2777 248 2855 tas‚ac
271 2778 483 2870 propterea
503 2761 640 2844 raritas
661 2761 838 2870 ejusdem
858 2759 959 2842 aeris
980 2756 1125 2841 residui
1137 2759 1222 2839 erit
1242 2759 1294 2840 ad
1311 2761 1513 2840 raritatem
1532 2765 1633 2844 aeris

115 2866 272 2972 totalis,
286 2873 361 2980 qui
381 2892 497 2962 antea
516 2871 730 2982 recipienti
750 2873 899 2968 inerat,
927 2893 973 2951 ut
993 2867 1225 2981 MHOBef
1241 2871 1294 2951 ad
1311 2871 1494 2952 MHOI.
1534 2873 1632 2954 'De-

116 2981 215 3066 hinc
236 2982 439 3066 clauditur
457 2983 716 3095 epistomium
739 2981 829 3082 IK,
856 2983 1081 3068 extrahitur
1114 3009 1163 3064 ue
1200 2980 1390 3092 spiraculi
1422 2983 1442 3064 l
1470 2980 1631 3066 obtura-

116 3111 314 3192 mentum,
324 3117 447 3210 atque
466 3095 683 3179 intrusione
704 3095 853 3178 emboli
873 3093 918 3208 ef
927 3094 1059 3177 versus
1079 3011 1252 3178 standum
1273 3095 1407 3178 antliae
1429 3093 1462 3178 B
1485 3104 1552 3176 ae'r
1580 3125 1632 3180 ex

114 3206 252 3290 antliae
271 3207 447 3289 cavitate
465 3235 539 3317 per
555 3227 740 3316 apertum
760 3205 1003 3317 spiraculum
1022 3205 1265 3316 expellitur,
1278 3236 1324 3290 ac
1346 3205 1481 3289 clauso
1498 3208 1633 3290 denuo

117 3317 359 3430 spiraculol
389 3320 521 3429 prima
560 3318 709 3402 emboli
737 3320 908 3429 agitatio
938 3321 1098 3428 perasta
1127 3313 1228 3414 erit,
1255 3322 1397 3400 eodem
1420 3341 1556 3400 tenore
1574 3347 1633 3400 re·

118 3449 309 3542 petentur
327 3429 521 3530 secunda,
549 3432 690 3528 tertia,
719 3453 886 3548 quarta,
915 3437 993 3514 &c
1022 3431 1284 3548 agitationes}
1314 3456 1365 3510 ex
1395 3429 1541 3538 quibus
1570 3430 1632 3512 ul-

115 3561 187 3626 tro
208 3541 301 3628 fluit
321 3541 489 3658 sequens
1486 3593 1488 3600 ·

373 3786 1391 3904 PROPOSlTIOXIX.Tnnonenn.
1532 3881 1535 3888 Ι

178 4003 268 4086 331.
297 3981 343 4064 Si
371 3987 558 4066 cavitates
593 3982 723 4065 antlia
754 3979 854 4082 Bes,
882 3979 965 4062 tubi
996 3977 1079 4063 BH
1111 3935 1160 4074 ib
1188 3983 1394 4096 recipientis
1422 3982 1473 4062 M
1491 3977 1633 4087 fimat,
1664 4027 1777 4104 ΡΜ,

104 4086 270 4208 fuerint
299 4093 347 4174 ad
377 4099 586 4178 cavitatem
600 4093 721 4207 stasim
746 4099 953 4208 recipientis
972 4093 1024 4176 M
1044 4111 1090 4176 ut
1108 4095 1214 4181 ressa
1237 4093 1351 4204 Qad
1366 4089 1481 4174 asiam
1501 4093 1548 4187 P,
1570 4115 1634 4170 ra-

115 4205 225 4288 ritas
238 4209 344 4286 a'e'ris
357 4205 491 4312 refidui
502 4207 579 4320 post
598 4205 803 4320 quamlibet
828 4205 956 4290 emboli
979 4210 1223 4321 agitationem
1250 4211 1323 4290 erit
1353 4204 1406 4287 ad
1433 4207 1637 4286 raritatem

116 4316 203 4432 ejus
218 4331 310 4412 ante
328 4313 426 4401 hanc
446 4324 710 4429 agitationem,
736 4335 782 4399 ut
802 4317 913 4429 Qad
931 4321 977 4403 P.

177 4425 222 4512 N
226 4455 306 4530 arn,
319 4431 416 4538 quia
428 4431 517 4540 post
530 4432 679 4518 emboli
689 4431 791 4513 itum
812 4433 909 4514 exB
932 4433 973 4512 in
992 4429 1039 4542 ef
1050 4443 1118 4515 a'e'r
1128 4425 1360 4532 recipientis
1373 4425 1422 4507 M
1444 4419 1504 4526 (b
1521 4423 1639 4534 330·)

117 4535 160 4624 se
180 4539 378 4626 diffundit
400 4571 473 4656 per
493 4565 627 4630 totum
648 4543 822 4660 spatium
851 4539 1098 4650 MHOBef,
1126 4537 1263 4619 raritas
1295 4539 1399 4618 aeris
1426 4529 1569 4611 residui
1598 4534 1641 4614 in

116 4652 366 4772 cavitateM
395 4654 486 4767 post
514 4657 664 4742 emboli
697 4677 825 4748 atum,
852 4653 1140 4840 adAraritatem
1168 4649 1251 4756 ejus
1272 4667 1364 4727 ante
1385 4643 1642 4770 huncitum²

350 4803 353 4810 v
945 4787 967 4839 a
1569 4779 1645 4841 errt
