3998 5422
219 263 309 350 Dr
339 261 592 352 Vrn'raus
623 283 693 347 nn
719 258 1530 367 MorinueCouronun.,L1n.11.
1561 295 1639 386 129
1803 349 1817 383 ὁ

84 399 162 484 cit
182 419 346 499 tantum
365 401 456 487 fieri
476 396 613 514 potest
624 401 745 510 juxta
763 397 1031 485 diredtionem
1054 403 1139 490 el)
1164 405 1289 517 plano
1318 403 1393 486 AB
1423 411 1641 524 perpendi.

81 513 287 712 qtularpm
297 543 415 628 ,quar
436 541 512 629 per
529 512 731 628 punitum
749 513 959 600 contraius
976 513 1021 604 D
1036 519 1190 604 transit.
1220 518 1350 632 Quod
1368 542 1453 604 erat
1473 525 1639 608 demon·

144 655 215 711 ran
246 655 327 712 um.
1014 685 1020 698 ·
1269 668 1273 676 *
1351 693 1353 700 ι

413 846 881 936 PROPOSITIO
911 851 978 984 II.
1003 851 1354 941 Turonum.

163 1069 266 1155 250.
297 1043 451 1160 Liquir
469 1043 556 1157 varst
566 1050 772 1160 cuicunque
787 1044 936 1131 inditus
944 1053 1033 1132 uou'
1036 1047 1154 1164 potest
1170 1054 1213 1134 iu
1228 1048 1341 1160 statu
1369 1056 1539 1134 manenti
1556 1078 1637 1137 cau·
1672 1073 1783 1154 niun.

87 1154 258 1270 fistere,
274 1165 503 1273 priusquam
521 1155 961 1274 rjussuperficiesſstum
977 1159 1258 1248 horizontalam
1275 1162 1531 1277 acquafiverit.
1562 1207 1571 1222 ·

171 1271 242 1356 Sit
258 1299 329 1355 vas
347 1271 467 1357 BAC
495 1272 638 1385 figura
666 1277 945 1384 cujuscunque
968 1281 1016 1357 ·&
1045 1276 1422 1387 quomodocunque
1441 1275 1643 1389 positum‘,

111 1382 219 1468 dico
235 1385 435 1494 liquorem
451 1382 490 1470 ei
509 1383 688 1468 infusum
708 1385 862 1470 HGIA
882 1414 965 1490 non
983 1388 1098 1498 poise
1117 1386 1236 1474 situm
1264 1399 1492 1472 manentem
1522 1389 1642 1472 habe-

117 1495 263 1594 renisi
279 1495 508 1613 superficies
525 1503 610 1610 ejus
631 1493 785 1584 HGIF
802 1498 1073 1586 horizontalis
1089 1499 1227 1586 fuerit.
1255 1501 1418 1586 Habeat
1435 1502 1643 1587 enimhaec
1804 1509 1806 1514 ’
1922 1473 1931 1492 ⁸

118 1605 351 1722 superficies
369 1613 414 1694 in
433 1608 538 1694 statu
567 1613 747 1696 manenti
777 1611 1023 1722 pontionem
1050 1611 1214 1702 EGCF
1244 1613 1455 1702 horizonti
1473 1615 1644 1698 inclina·
1745 1656 1748 1663 ·

118 1743 233 1807 tam:
271 1749 357 1835 quo
385 1721 553 1834 pofito,
590 1726 690 1834 quia
715 1723 871 1835 liquidi
899 1724 1036 1810 moles·
1058 1726 1203 1812 GCIF
1244 1726 1368 1839 plano
1395 1727 1647 1826 horizontali

101 1831 274 1922 HGIF
291 1838 510 1922 imminens
528 1839 661 1949 gravis
681 1835 739 1946 est
750 1858 899 1948 ‚atque
917 1839 961 1944 in
982 1839 1159 1949 spatium
1178 1839 1343 1924 GHEF
1362 1841 1541 1925 defluere
1567 1870 1643 1953 po·
1786 1831 1787 1836 Ν
1914 1897 1920 1911 ·

114 1946 219 2047 test,
246 1977 321 2032 nec
340 1951 569 2060 quicquam
587 1949 696 2034 adest
755 1951 840 2034 uod
867 1951 978 2036 huuc
1009 1951 1168 2035 fluxum
1198 1953 1399 2064 impedire
1427 1977 1571 2065 queat,
1598 1984 1645 2038 ea

113 2063 207 2147 anu
225 2061 383 2145 defluet
401 2061 578 2174 spatium
598 2063 705 2147 illud
724 1979 894 2150 {Han
913 2063 1118 2175 repletura
1127 2109 1141 2166 3
1168 2063 1328 2151 idcirco
1359 2095 1454 2150 cum
1471 2069 1646 2178 liquoris

114 2173 349 2287 superficies
366 2173 492 2262 GCE
510 2174 637 2288 plano
656 2175 907 2261 horizontali
924 2175 1052 2264 HGF
1072 2177 1268 2296 inclinata
1295 2179 1383 2284 est,
1405 2209 1488 2265 non
1516 2179 1572 2266 est
1599 2181 1643 2263 in

115 2287 223 2374 statu
243 2291 445 2392 manenti,
468 2309 615 2375 contra
633 2289 889 2408 hypothesin

495 2493 1202 2602 'Conounnn1un

178 2734 273 2820 ²5¹·
299 2711 415 2796 Hinc
434 2711 464 2795 fi
484 2711 672 2798 universa
688 2734 794 2820 terra
817 2711 991 2800 Oceano
1024 2709 1262 2822 circundata
1290 2709 1408 2808 eiset,
1436 2735 1509 2795 nec
1537 2713 1580 2794 in
1603 2711 1648 2810 se
1725 2712 1728 2733 '

116 2820 251 2935 ipsam
270 2847 596 2926 converteretur,
623 2829 708 2939 ejus
729 2826 961 2940 superficiee
980 2816 1159 2943 perfed'le
1173 2823 1374 2937 ¹sphaerica
1391 2821 1509 2905 fo'ret.
1566 2824 1649 2906 Sed
1779 2847 1783 2854 ·

120 2936 224 3044 quia
242 2959 361 3020 motu
379 2937 528 3022 diurno
539 2939 654 3023 circa
673 2962 858 3026 centrum
876 2937 992 3021 suum
1013 2933 1262 3036 revolvitur,
1281 2963 1398 3048 aquae
1416 2929 1650 3046 superficies
1701 2953 1706 2960 ·

117 3047 316 3162 sphaerica
335 3077 419 3158 non
436 3053 513 3153 erit
519 3051 616 3151 ,sed
634 3051 807 3166 figuram
826 3051 992 3136 habebit
1014 3049 1254 3166 sphaeroidis
1276 3049 1389 3148 latae,
1416 3047 1515 3158 quia
1532 3069 1650 3156 aquae

118 3180 254 3272 partes
276 3191 363 3277 quo
381 3166 595 3277 propiores
613 3165 706 3250 sunt
722 3167 945 3278 aquatori',
970 3191 1021 3249 oo
1040 3167 1231 3274 majorem
1249 3164 1398 3248 habent
1414 3179 1606 3246 conatum
1627 3161 1652 3244 i

122 3295 264 3359 centro
281 3277 517 3377 recedendi,
526 3300 649 3392 atque
666 3277 769 3362 adeo
789 3281 923 3362 minus
943 3302 1084 3390 graves
1096 3275 1562 3388 sunt,quand0quidem
1581 3301 1651 3355 co·

122 3408 241 3471 natus
259 3387 482 3504 centrifugi
503 3413 617 3474 tanto
636 3391 766 3506 magis
785 3391 838 3478 de
857 3415 1076 3500 corporum
1086 3389 1286 3502 gravitate
1295 3387 1514 3473 detrahunt
1523 3411 1652 3494 quan·
1687 3439 1692 3448 x

122 3521 171 3580 to
188 3506 357 3613 majores
376 3501 479 3586 sunt.
509 3503 582 3589 Ob
601 3504 705 3590 hanc
729 3533 828 3589 vero
845 3501 1057 3618 gravitatis
1078 3501 1397 3612 inaequalitatem
1415 3497 1569 3582 accidit
1578 3554 1592 3596 ,
1603 3517 1652 3580 ut

119 3611 176 3696 ad
201 3615 469 3700 obtinendum
496 3618 675 3731 partium
694 3619 994 3729 aequilibrium,
1011 3613 1066 3698 ad
1093 3615 1262 3699 eandem
1293 3613 1447 3724 ubique
1466 3607 1653 3696 altitudi-

122 3750 220 3808 nem
238 3755 355 3840 aquae
372 3733 600 3839 pervenire,
614 3749 857 3843 nequeant,
870 3751 918 3814 ut
947 3728 1046 3811 aliis
1070 3726 1190 3811 fieret
1202 3783 1217 3828 ,
1239 3723 1274 3808 ii
1303 3745 1408 3809 terra
1435 3744 1551 3808 motu
1577 3724 1654 3808 ilio

116 3837 357 3938 diurno,ex
370 3867 452 3952 quo
473 3865 641 3929 conatus
661 3839 882 3955 centrifugi
900 3841 1080 3955 partium
1098 3837 1450 3949 aquaetesultant,
1477 3859 1653 3938 careret,
1679 3938 1683 3950 .

88 3947 190 4036 'sed
220 3951 293 4037 sub
323 3936 554 4066 AEquatore
585 3953 773 4042 altiffima
803 3963 844 4041 &
874 3955 918 4037 in
947 3947 1056 4064 polis
1083 3953 1260 4037 maxime
1287 3949 1468 4065 depreiia
1495 3951 1654 4036 existat.
1687 4005 1696 4018 -

119 4063 239 4148 Hinc
268 4061 348 4166 est,
376 4069 494 4178 quod
525 4067 756 4154 Newtonus
765 4128 783 4170 ,
810 4067 1030 4184 Hugenius
1061 4064 1214 4178 aliique
1242 4066 1397 4149 telluris
1425 4061 1657 4176 superficiei
1786 4149 1788 4156 ,

115 4173 290 4290 liguram
321 4177 493 4292 alicujus
530 4182 771 4294 sphaeroidis
802 4157 1070 4298 aiirgnarint,
1106 4179 1289 4265 oriundae
1317 4205 1370 4260 ex
1399 4173 1656 4302 revolutione

115 4291 287 4405 alicujus
308 4291 512 4405 Ellipseop
532 4297 641 4381 circa
661 4323 781 4380 axem
813 4299 1037 4393 minorem,
1064 4293 1260 4414 eristente
1288 4317 1363 4372 axe
1391 4293 1541 4399 majore
1567 4283 1655 4368 dra·
1695 4395 1700 4404 ἱ

113 4429 249 4492 metro
264 4407 484 4523 aquatoris
508 4407 713 4495 terrestris.
743 4411 829 4497 Sed
848 4411 901 4497 de
920 4411 1033 4500 hisce
1052 4404 1124 4489 suo
1145 4403 1240 4487 loco
1260 4397 1389 4484 sermo
1409 4415 1598 4481 recurret.

826 4731 827 4736 Ν
884 4699 928 4778 R
1124 4789 1129 4794 ,
1476 4687 1661 4778 ‘PRO-
