4008 5414
209 278 291 362 Da
323 273 571 362 Vrnrnus
603 293 672 351 ar
702 263 1636 371 Morinuscmpoiunumrl.1‘8‘1·

56 425 60 432 '
162 415 224 499 11.
252 413 319 496 Ab
335 411 481 494 eodem
501 407 606 492 aeris
626 406 773 491 clarere
800 405 939 516 phiala
966 411 1095 496 vitrea
1112 414 1341 500 tenuiorum
1367 419 1568 528 parietum
1588 425 1630 502 u

103 529 237 638 probe
252 523 454 606 obstruua
473 523 517 603 in
537 520 761 630 recipiente
790 521 840 603 ab
865 531 957 602 aere
984 544 1182 634 evacuato
1211 527 1253 608 in
1279 529 1435 611 minuta
1464 529 1637 620 subinde
1678 563 1682 570 ·

105 637 337 752 fragmenta
347 632 521 734 dissilit3
548 641 590 717 ὃς
610 633 708 714 huic
729 631 858 714 simile
877 633 1188 743 phaenomenum
1207 639 1365 721 bibulos
1383 641 1634 750 quandoque

105 773 256 849 terret,
284 777 381 833 cum
398 745 634 859 generosum
657 743 746 826 vini
764 743 948 826 haustum
967 744 1099 830 facere
1118 749 1300 832 volentes
1320 751 1503 864 lagenam
1521 753 1634 835 suam

107 865 289 948 vitream
308 859 558 946 biscentibus
586 856 706 938 labris
734 875 818 938 tam
847 857 952 940 arde
981 859 1223 961 admovent,
1250 879 1297 943 ut
1324 887 1405 971 prae
1435 885 1547 962 metu
1567 862 1638 950 vel

107 977 234 1060 unius
254 971 388 1056 solum
408 973 575 1056 nestaris
601 968 664 1050 sui
691 977 820 1080 guttae
847 967 1050 1053 effusionis
1062 1030 1075 1069 ,
1102 973 1513 1060 communicationem
1538 975 1643 1064 adria

108 1086 278 1172 externi
296 1111 390 1168 curn
411 1085 560 1194 eo‚qui
577 1081 729 1194 lagenae
750 1077 867 1179 inest,
876 1081 1048 1180 tollant,
1069 1097 1200 1192 atque·
1213 1084 1367 1170 strenue
1386 1084 1568 1198 sugendo
1586 1089 1645 1170 la-

114 1225 233 1312 gena
252 1208 320 1280 ae'r
338 1195 518 1294 rarefiat,
546 1219 631 1304 quo
648 1191 722 1291 fit,
736 1203 783 1274 u't
803 1193 1049 1304 praevalente
1068 1199 1226 1280 externi
1246 1199 1348 1280 ae'ris
1368 1191 1569 1307 pressione
1587 1199 1645 1282 la·

117 1337 226 1424 gena
246 1311 292 1390 in
308 1305 479 1392 frustula
498 1325 752 1401 conteratur,
780 1312 819 1388 ὃ(
841 1309 996 1390 merum
1015 1329 1164 1417 pereat.
1288 1409 1289 1413 Ν

179 1420 261 1508 ΙΙΙ.
290 1421 368 1506 vis
386 1419 545 1503 clastica
559 1419 665 1502 'ae'ris
683 1417 883 1528 probatur
900 1420 1024 1500 etiarn
1043 1420 1323 1531 experimento
1343 1417 1643 1527 haemispherio·

119 1561 212 1618 rum
231 1559 453 1634 aneorum,
472 1557 564 1642 quae
583 1529 733 1615 edusbo
752 1553 804 1611 ex
823 1557 962 1612 eorum
981 1533 1157 1617 cavitate
1178 1539 1290 1628 aere,
1315 1541 1399 1612 t'arn
1429 1531 1647 1642 pertinaci·
1745 1558 1755 1576 ·
1795 1589 1800 1602 .

122 1667 187 1730 ter
203 1645 276 1732 fibi
293 1645 469 1728 invicem
488 1643 691 1726 adhaerere
710 1642 1029 1750 comperiuntur,
1037 1663 1085 1724 ut
1103 1629 1293 1726 maxinfls
1311 1643 1434 1725 etiarn
1455 1642 1649 1754 ponderi-

120 1761 197 1843 bus
216 1753 309 1866 ipsas
325 1753 540 1868 appensis,
559 1752 628 1836 vel
646 1755 688 1834 in
705 1752 912 1864 oppositas
932 1775 1065 1864 partes
1087 1755 1361 1852 trahentibus,
1381 1756 1454 1838 vix
1476 1753 1651 1865 separari
1781 1836 1790 1848 ,

118 1867 295 1982 possint,
325 1891 419 1978 quae
451 1887 589 1952 tamen
615 1867 716 1949 acris
745 1865 866 1974 plena
894 1865 1009 1950 nullo
1039 1864 1166 1952 ferme
1199 1867 1369 1978 negotio
1395 1867 1446 1950 ab
1473 1866 1652 1950 invicem

118 1983 388 2069 diducuntun
516 1985 517 1988 ‘
688 2059 694 2070 .
856 2025 858 2030 ·
1047 2045 1054 2054 -
1566 1993 1569 1998 ’
1771 2063 1774 2068 ,

182 2099 274 2205 326.
301 2093 495 2188 Verum,
540 2087 741 2181 recensitis
774 2089 1061 2201 experimentis
1092 2089 1478 2189 nonobstantibus,
1507 2093 1561 2176 D.
1576 2093 1654 2178 Pa·'

125 2227 216 2290 rent
235 2203 531 2290 Elasticitatem
550 2203 654 2284 a'e'ris
672 2203 716 2282 in
737 2201 923 2285 Historia
940 2203 1070 2286 Acad.
1092 2205 1200 2316 Reg.
1225 2204 1347 2286 Paris.
1384 2205 1653 2290 scientiarum

82 2393 89 2404 ,
122 2319 502 2424 Acadenriaei7o8.
533 2315 576 2396 in
595 2313 765 2396 dubium
784 2329 932 2398 vocate
952 2314 1059 2407 velle
1077 2315 1511 2412 videtur,s1Historiae
1533 2320 1655 2402 verba

124 2431 262 2514 obiter
280 2425 761 2538 tantum.expendantur;
791 2425 847 2508 ast
866 2444 1002 2511 textus
1022 2425 1263 2537 diligentius
1284 2427 1488 2538 inspesbus
1515 2430 1655 2540 postea

127 2538 380 2638 manifestat,
407 2539 592 2623 elaterern
612 2538 713 2622 adris
733 2535 906 2644 insensu
926 2538 1172 2648 paragraphi
1193 2535 1461 2648 praecedenris
1480 2567 1562 2622 non
1583 2544 1655 2626 de-

129 2655 282 2766 negari.
311 2652 424 2738 Nam
443 2648 577 2733 Autor
588 2649 721 2732 modo
740 2651 970 2750 nominatus
984 2668 1149 2748 tanturn
1171 2669 1293 2760 negat
1314 2649 1532 2762 particulas
1550 2655 1656 2740 aeris

127 2765 417 2878 concipiendas
438 2763 517 2846 effe
535 2755 923 2846 instar'lamellarum
942 2759 1192 2874 plicatilium
1204 2760 1297 2859 ‚vel
1325 2762 1447 2846 instar
1474 2762 1660 2848 filamen-

126 2897 264 2964 torum
283 2875 473 2988 inspiras
495 2894 773 2958 contortamm
785 2931 798 2972 ,
810 2883 851 2958 δι
872 2873 952 2957 sese
972 2873 1110 2984 postea
1128 2872 1411 2958 evolventium
1421 2894 1514 2974 ,aut
1535 2875 1662 2978 ullius
1686 2971 1687 2976 Ν

134 2991 195 3072 rei
211 2988 331 3073 instar
349 2990 464 3072 hisce
492 2985 783 3096 aequivalemis.
840 2985 922 3070 Sed
947 3013 1012 3068 eas
1044 2987 1185 3098 potius
1199 2990 1410 3096 tanquam
1439 2986 1661 3072 moleculas

129 3101 437 3186 considerandas
457 3099 882 3198 arbitratur.‚mateaiae
902 3097 1097 3197 aethereae,
1107 3099 1215 3182 ultra
1231 3125 1355 3208 quam
1378 3099 1551 3212 cogitari
1570 3097 1665 3212 pos·

131 3213 321 3312 s1t‚exili
342 3221 384 3298 dt
404 3209 670 3326 agitatissimae
692 3204 928 3294 innatantes
970 3211 1136 3294 Idcirco
1159 3213 1279 3320 juxta
1299 3209 1507 3296 laudatum
1528 3213 1661 3324 Auto-

136 3353 222 3408 rem
241 3325 451 3414 moleculae
471 3329 595 3409 adreae
614 3343 730 3406 tanto
751 3323 880 3436 magis
901 3322 952 3404 ab
969 3323 1149 3406 invicem
1166 3321 1340 3421 distant,
1367 3333 1409 3407 bc
1420 3381 1434 3421 ‚
1446 3323 1563 3435 quod
1580 3325 1664 3409 ela-

134 3435 232 3520 teris
249 3437 423 3550 speciem
443 3463 527 3550 prae
547 3436 588 3519 se
608 3431 712 3519 ferre
731 3435 859 3552 dicit,
887 3453 1002 3517 tanto
1021 3435 1150 3547 magis
1174 3435 1197 3516 a
1223 3430 1263 3515 se
1292 3436 1471 3518 invicem
1501 3436 1664 3520 recede-
1704 3490 1708 3499 ·
1779 3470 1781 3476 ’

133 3576 180 3631 re
199 3571 419 3649 conantur,
447 3577 533 3661 quo
551 3547 819 3634 abundantior
839 3544 964 3630 fuerit
990 3546 1163 3630 aetherea
1190 3547 1359 3628 materia
1377 3565 1532 3630 meatus
1561 3549 1666 3636 aeris
1811 3564 1816 3573 '

133 3663 402 3762 transfluens,
418 3670 458 3746 bc
479 3660 790 3771 quopernicior
806 3660 890 3768 ejus
911 3679 1057 3741 motus.
1094 3654 1162 3741 Ab
1181 3657 1259 3742 hac
1289 3657 1398 3742 enim
1425 3659 1592 3744 materia
1612 3691 1665 3748 ae-

135 3770 276 3856 therea
295 3775 381 3857 vim
400 3801 561 3856 omnem
580 3771 845 3856 derivandam
863 3771 940 3854 esse
969 3787 1111 3881 putat,
1139 3775 1229 3880 qua'
1249 3770 1351 3882 a'e'ris
1384 3773 1594 3860 moleculae
1620 3777 1666 3858 in

133 3883 217 3966 alia
235 3913 409 3998 corpora
429 3909 544 3998 agere
562 3881 724 3994 poffint.
777 3881 845 3966 Ex
863 3883 1012 3998 quibus
1030 3882 1215 3984 omnibus
1248 3883 1408 3968 abunde
1437 3887 1571 3999 liquet
1593 3885 1663 3971 CI.

132 3996 284 4080 Parent
302 3998 554 4084 tendentiam
572 3994 686 4078 illam
715 3995 1007 4079 molecularurn
1028 4005 1254 4096 aerearum,
1275 4023 1358 4107 qua
1390 3997 1470 4080 ase
1487 3999 1666 4082 invicem

131 4104 344 4202 discedere
359 4129 579 4211 conantur,
606 4135 688 4191 non
706 4134 876 4221 negare,
895 4135 970 4191 nec
1002 4108 1176 4219 proinde
1204 4111 1293 4194 vim
1320 4107 1435 4191 illam
1463 4109 1668 4194 clasticam

130 4218 274 4302 nostro
292 4213 405 4300 serisu
424 4218 594 4301 sumnam
614 4219 668 4298 in·
676 4219 846 4304 dubium
866 4247 1024 4306 vocare.
1053 4222 1120 4304 An
1139 4242 1275 4304 autem
1295 4218 1383 4304 haec
1396 4222 1504 4302 aeris
1516 4215 1663 4300 Elasti-
1689 4249 1692 4256 Δ

129 4332 234 4416 citas
244 4331 336 4430 ‚seu
357 4349 528 4415 conatus
548 4329 838 4438 particularum
856 4335 942 4442 ejus
963 4335 987 4418 a
1006 4331 1046 4417 se
1067 4334 1245 4418 invicem
1266 4332 1664 4439 recedendi,prove-

128 4443 216 4525 niat
252 4445 305 4528 ab
339 4440 580 4526 clasticitate
609 4443 775 4552 propria
801 4445 1094 4554 particularum
1123 4443 1463 4551 compressum,
1485 4447 1525 4524 δε
1547 4438 1665 4524 dein·

125 4579 226 4664 ceps
243 4553 288 4641 in
306 4555 522 4665 pristinum
541 4551 688 4636 statum
709 4553 749 4638 se
778 4555 986 4644 restituere
1015 4552 1300 4652 molientium,
1327 4577 1499 4635 anvero
1529 4553 1580 4636 ab
1607 4581 1663 4638 ae-

125 4664 241 4754 there
256 4668 540 4790 interfluente,
553 4663 802 4779 'questiones
819 4667 920 4863 suni
939 4660 1119 4782 physicae
1127 4665 1308 4784 ‚quain
1325 4682 1549 4782 utramque
1566 4695 1661 4783 par-

951 4803 972 4894 3
1577 4801 1679 4889 tem·
