<?xml version="1.0" encoding="UTF-8"?>
<!DOCTYPE html PUBLIC "-//W3C//DTD XHTML 1.0 Transitional//EN"
    "http://www.w3.org/TR/xhtml1/DTD/xhtml1-transitional.dtd">
<html xmlns="http://www.w3.org/1999/xhtml" xml:lang="en" lang="en">
 <head>
  <title>
</title>
<meta http-equiv="Content-Type" content="text/html;charset=utf-8" />
  <meta name='ocr-system' content='tesseract 3.04.00' />
  <meta name='ocr-capabilities' content='ocr_page ocr_carea ocr_par ocr_line ocrx_word'/>
</head>
<body>
  <div class='ocr_page' id='page_1' title='image "./phoronomiasived00conggoog_0218.png"; bbox 0 0 4008 5414; ppageno 0'>
   <div class='ocr_carea' id='block_1_1' title="bbox 225 308 1633 442">
    <p class='ocr_par' dir='ltr' id='par_1_1' title="bbox 225 308 1633 442">
     <span class='ocr_line' id='line_1_1' title="bbox 225 308 1633 442; baseline 0.004 -32"><span class='ocrx_word' id='word_1_1' title='bbox 225 325 306 410; x_wconf 76' lang='lat' dir='ltr'>Da</span> <span class='ocrx_word' id='word_1_2' title='bbox 334 321 594 409; x_wconf 78' lang='lat' dir='ltr'>Vrnrnus</span> <span class='ocrx_word' id='word_1_3' title='bbox 623 341 692 400; x_wconf 76' lang='lat' dir='ltr'>ar</span> <span class='ocrx_word' id='word_1_4' title='bbox 720 315 982 402; x_wconf 74' lang='lat' dir='ltr'>Mortuus</span> <span class='ocrx_word' id='word_1_5' title='bbox 1012 311 1336 408; x_wconf 66' lang='lat' dir='ltr'>Conponunt.</span> <span class='ocrx_word' id='word_1_6' title='bbox 1362 308 1523 414; x_wconf 79' lang='lat' dir='ltr'>Linll.</span> <span class='ocrx_word' id='word_1_7' title='bbox 1557 333 1633 442; x_wconf 86' lang='lat'>189</span> 
     </span>
    </p>
   </div>
   <div class='ocr_carea' id='block_1_2' title="bbox 104 448 1677 678">
    <p class='ocr_par' dir='ltr' id='par_1_2' title="bbox 104 448 1677 678">
     <span class='ocr_line' id='line_1_2' title="bbox 104 448 1635 568; baseline 0.001 -23"><span class='ocrx_word' id='word_1_8' title='bbox 104 458 313 545; x_wconf 88' lang='lat' dir='ltr'>contraria</span> <span class='ocrx_word' id='word_1_9' title='bbox 333 456 491 540; x_wconf 86' lang='lat' dir='ltr'>ratione</span> <span class='ocrx_word' id='word_1_10' title='bbox 511 452 551 536; x_wconf 88' lang='lat' dir='ltr'>se</span> <span class='ocrx_word' id='word_1_11' title='bbox 571 451 738 550; x_wconf 87' lang='lat' dir='ltr'>habere,</span> <span class='ocrx_word' id='word_1_12' title='bbox 750 477 873 560; x_wconf 90' lang='lat' dir='ltr'>quam</span> <span class='ocrx_word' id='word_1_13' title='bbox 891 449 934 533; x_wconf 92' lang='lat' dir='ltr'>in</span> <span class='ocrx_word' id='word_1_14' title='bbox 954 448 1045 534; x_wconf 89' lang='lat' dir='ltr'>casu</span> <span class='ocrx_word' id='word_1_15' title='bbox 1055 479 1164 562; x_wconf 87' lang='lat' dir='ltr'>‚quo</span> <span class='ocrx_word' id='word_1_16' title='bbox 1183 454 1414 568; x_wconf 87' lang='lat' dir='ltr'>recipientis</span> <span class='ocrx_word' id='word_1_17' title='bbox 1435 459 1635 546; x_wconf 69' lang='lat' dir='ltr'>adrestra</span> 
     </span>
     <span class='ocr_line' id='line_1_3' title="bbox 108 561 1677 678; baseline -0.005 -22"><span class='ocrx_word' id='word_1_18' title='bbox 108 570 368 656; x_wconf 84' lang='lat' dir='ltr'>refaciendus</span> <span class='ocrx_word' id='word_1_19' title='bbox 379 627 395 668; x_wconf 86' lang='lat'><em>,</em></span> <span class='ocrx_word' id='word_1_20' title='bbox 421 567 525 650; x_wconf 73' lang='lat' dir='ltr'>adeo</span> <span class='ocrx_word' id='word_1_21' title='bbox 543 586 592 648; x_wconf 92' lang='lat' dir='ltr'>ut</span> <span class='ocrx_word' id='word_1_22' title='bbox 615 565 670 647; x_wconf 92' lang='lat' dir='ltr'>ad</span> <span class='ocrx_word' id='word_1_23' title='bbox 689 561 799 678; x_wconf 78' lang='lat' dir='ltr'>signa</span> <span class='ocrx_word' id='word_1_24' title='bbox 816 590 900 646; x_wconf 92' lang='lat' dir='ltr'>non</span> <span class='ocrx_word' id='word_1_25' title='bbox 921 561 1064 648; x_wconf 86' lang='lat' dir='ltr'>debeat</span> <span class='ocrx_word' id='word_1_26' title='bbox 1085 568 1253 652; x_wconf 55' lang='lat' dir='ltr'>attendit</span> <span class='ocrx_word' id='word_1_27' title='bbox 1666 603 1677 612; x_wconf 85' lang='lat'><em>·</em></span> 
     </span>
    </p>
   </div>
   <div class='ocr_carea' id='block_1_3' title="bbox 570 809 1095 894">
    <p class='ocr_par' dir='ltr' id='par_1_3' title="bbox 570 809 1095 894">
     <span class='ocr_line' id='line_1_4' title="bbox 570 809 1095 894; baseline 0 0"><span class='ocrx_word' id='word_1_28' title='bbox 570 849 572 852; x_wconf 94' lang='lat'>·</span> <span class='ocrx_word' id='word_1_29' title='bbox 667 809 1095 894; x_wconf 68' lang='lat' dir='ltr'>Scuoirom</span> 
     </span>
    </p>
   </div>
   <div class='ocr_carea' id='block_1_4' title="bbox 174 921 1636 1119">
    <p class='ocr_par' dir='ltr' id='par_1_4' title="bbox 174 921 1636 1119">
     <span class='ocr_line' id='line_1_5' title="bbox 174 921 1636 1119; baseline -0.001 -27"><span class='ocrx_word' id='word_1_30' title='bbox 174 1012 270 1119; x_wconf 83' lang='lat'>338.</span> <span class='ocrx_word' id='word_1_31' title='bbox 301 1004 459 1088; x_wconf 89' lang='lat' dir='ltr'>Modus</span> <span class='ocrx_word' id='word_1_32' title='bbox 476 1004 536 1088; x_wconf 91' lang='lat' dir='ltr'>est.</span> <span class='ocrx_word' id='word_1_33' title='bbox 551 1004 766 1114; x_wconf 85' lang='lat' dir='ltr'>expeditus</span> <span class='ocrx_word' id='word_1_34' title='bbox 786 1006 1028 1114; x_wconf 88' lang='lat' dir='ltr'>explorandi</span> <span class='ocrx_word' id='word_1_35' title='bbox 1059 1005 1256 1088; x_wconf 87' lang='lat' dir='ltr'>rationem</span> <span class='ocrx_word' id='word_1_36' title='bbox 1287 921 1473 1090; x_wconf 61' lang='lat' dir='ltr'>ca’vitatis</span> <span class='ocrx_word' id='word_1_37' title='bbox 1501 1007 1636 1092; x_wconf 82' lang='lat' dir='ltr'>antliae</span> 
     </span>
    </p>
   </div>
   <div class='ocr_carea' id='block_1_5' title="bbox 110 1114 1655 2355">
    <p class='ocr_par' dir='ltr' id='par_1_5' title="bbox 110 1114 1655 2355">
     <span class='ocr_line' id='line_1_6' title="bbox 110 1114 1639 1230; baseline -0.001 -26"><span class='ocrx_word' id='word_1_38' title='bbox 110 1121 168 1204; x_wconf 88' lang='lat' dir='ltr'>ad</span> <span class='ocrx_word' id='word_1_39' title='bbox 198 1119 422 1204; x_wconf 84' lang='lat' dir='ltr'>cavitatem</span> <span class='ocrx_word' id='word_1_40' title='bbox 449 1117 715 1228; x_wconf 85' lang='lat' dir='ltr'>recipientis,</span> <span class='ocrx_word' id='word_1_41' title='bbox 753 1115 783 1200; x_wconf 80' lang='lat' dir='ltr'>st</span> <span class='ocrx_word' id='word_1_42' title='bbox 814 1145 883 1200; x_wconf 91' lang='lat' dir='ltr'>vas</span> <span class='ocrx_word' id='word_1_43' title='bbox 925 1119 1135 1228; x_wconf 83' lang='lat' dir='ltr'>quoddam</span> <span class='ocrx_word' id='word_1_44' title='bbox 1176 1114 1484 1230; x_wconf 90' lang='lat' dir='ltr'>cylindriforme</span> <span class='ocrx_word' id='word_1_45' title='bbox 1520 1117 1639 1229; x_wconf 91' lang='lat' dir='ltr'>super</span> 
     </span>
     <span class='ocr_line' id='line_1_7' title="bbox 112 1228 1638 1341; baseline -0.001 -26"><span class='ocrx_word' id='word_1_46' title='bbox 112 1231 198 1316; x_wconf 88' lang='lat' dir='ltr'>basr</span> <span class='ocrx_word' id='word_1_47' title='bbox 218 1230 285 1313; x_wconf 92' lang='lat' dir='ltr'>seu</span> <span class='ocrx_word' id='word_1_48' title='bbox 304 1228 435 1312; x_wconf 88' lang='lat' dir='ltr'>fundo</span> <span class='ocrx_word' id='word_1_49' title='bbox 454 1230 526 1312; x_wconf 89' lang='lat' dir='ltr'>suo</span> <span class='ocrx_word' id='word_1_50' title='bbox 545 1229 697 1312; x_wconf 69' lang='lat' dir='ltr'>testum</span> <span class='ocrx_word' id='word_1_51' title='bbox 719 1256 824 1338; x_wconf 86' lang='lat' dir='ltr'>aqua</span> <span class='ocrx_word' id='word_1_52' title='bbox 843 1231 1061 1341; x_wconf 85' lang='lat' dir='ltr'>impleatur</span> <span class='ocrx_word' id='word_1_53' title='bbox 1082 1249 1217 1326; x_wconf 86' lang='lat' dir='ltr'>tanta,</span> <span class='ocrx_word' id='word_1_54' title='bbox 1237 1251 1430 1340; x_wconf 89' lang='lat' dir='ltr'>quantam</span> <span class='ocrx_word' id='word_1_55' title='bbox 1441 1230 1638 1339; x_wconf 86' lang='lat' dir='ltr'>recipiens</span> 
     </span>
     <span class='ocr_line' id='line_1_8' title="bbox 115 1339 1639 1454; baseline -0.001 -28"><span class='ocrx_word' id='word_1_56' title='bbox 115 1352 158 1426; x_wconf 66' lang='grc' dir='ltr'>ὃ(</span> <span class='ocrx_word' id='word_1_57' title='bbox 190 1344 316 1426; x_wconf 78' lang='lat' dir='ltr'>antlia</span> <span class='ocrx_word' id='word_1_58' title='bbox 344 1341 460 1424; x_wconf 86' lang='lat' dir='ltr'>simul</span> <span class='ocrx_word' id='word_1_59' title='bbox 491 1371 634 1453; x_wconf 86' lang='lat' dir='ltr'>capere</span> <span class='ocrx_word' id='word_1_60' title='bbox 663 1339 826 1453; x_wconf 77' lang='lat' dir='ltr'>possunt</span> <span class='ocrx_word' id='word_1_61' title='bbox 855 1349 896 1426; x_wconf 70' lang='grc' dir='ltr'>δε</span> <span class='ocrx_word' id='word_1_62' title='bbox 934 1345 1083 1428; x_wconf 91' lang='lat' dir='ltr'>dehinc</span> <span class='ocrx_word' id='word_1_63' title='bbox 1123 1369 1238 1454; x_wconf 85' lang='lat' dir='ltr'>aquae</span> <span class='ocrx_word' id='word_1_64' title='bbox 1279 1343 1455 1424; x_wconf 84' lang='lat' dir='ltr'>altitudo</span> <span class='ocrx_word' id='word_1_65' title='bbox 1476 1363 1639 1425; x_wconf 89' lang='lat' dir='ltr'>notetur</span> 
     </span>
     <span class='ocr_line' id='line_1_9' title="bbox 122 1452 1638 1568; baseline -0.001 -30"><span class='ocrx_word' id='word_1_66' title='bbox 122 1481 198 1566; x_wconf 87' lang='lat' dir='ltr'>per</span> <span class='ocrx_word' id='word_1_67' title='bbox 219 1458 283 1555; x_wconf 58' lang='grc' dir='ltr'>Α,</span> <span class='ocrx_word' id='word_1_68' title='bbox 312 1455 456 1538; x_wconf 89' lang='lat' dir='ltr'>deinde</span> <span class='ocrx_word' id='word_1_69' title='bbox 472 1483 551 1565; x_wconf 89' lang='lat' dir='ltr'>ope</span> <span class='ocrx_word' id='word_1_70' title='bbox 569 1453 751 1567; x_wconf 87' lang='lat' dir='ltr'>fiphonis</span> <span class='ocrx_word' id='word_1_71' title='bbox 772 1473 930 1538; x_wconf 89' lang='lat' dir='ltr'>tantum</span> <span class='ocrx_word' id='word_1_72' title='bbox 959 1485 1075 1566; x_wconf 85' lang='lat' dir='ltr'>aquae</span> <span class='ocrx_word' id='word_1_73' title='bbox 1104 1455 1365 1540; x_wconf 83' lang='lat' dir='ltr'>exhauriatur</span> <span class='ocrx_word' id='word_1_74' title='bbox 1386 1483 1436 1538; x_wconf 88' lang='lat' dir='ltr'>ex</span> <span class='ocrx_word' id='word_1_75' title='bbox 1456 1452 1548 1536; x_wconf 90' lang='lat' dir='ltr'>vase</span> <span class='ocrx_word' id='word_1_76' title='bbox 1568 1483 1638 1568; x_wconf 93' lang='lat' dir='ltr'>cy-</span> 
     </span>
     <span class='ocr_line' id='line_1_10' title="bbox 118 1561 1638 1678; baseline 0.001 -30"><span class='ocrx_word' id='word_1_77' title='bbox 118 1567 324 1666; x_wconf 87' lang='lat' dir='ltr'>lindrico‚</span> <span class='ocrx_word' id='word_1_78' title='bbox 352 1589 547 1676; x_wconf 89' lang='lat' dir='ltr'>quantum</span> <span class='ocrx_word' id='word_1_79' title='bbox 577 1592 694 1676; x_wconf 88' lang='lat' dir='ltr'>aquae</span> <span class='ocrx_word' id='word_1_80' title='bbox 724 1595 866 1678; x_wconf 88' lang='lat' dir='ltr'>capere</span> <span class='ocrx_word' id='word_1_81' title='bbox 895 1561 1199 1678; x_wconf 51' lang='lat' dir='ltr'>potest&#39;antlia‚</span> <span class='ocrx_word' id='word_1_82' title='bbox 1226 1567 1475 1678; x_wconf 73' lang='lat' dir='ltr'>residuaque</span> <span class='ocrx_word' id='word_1_83' title='bbox 1495 1567 1638 1649; x_wconf 84' lang='lat' dir='ltr'>invase</span> 
     </span>
     <span class='ocr_line' id='line_1_11' title="bbox 116 1676 1636 1792; baseline -0.001 -28"><span class='ocrx_word' id='word_1_84' title='bbox 116 1681 347 1792; x_wconf 89' lang='lat' dir='ltr'>cylindrico</span> <span class='ocrx_word' id='word_1_85' title='bbox 373 1680 552 1763; x_wconf 86' lang='lat' dir='ltr'>altitudo</span> <span class='ocrx_word' id='word_1_86' title='bbox 584 1680 760 1791; x_wconf 76' lang='lat' dir='ltr'>signetur</span> <span class='ocrx_word' id='word_1_87' title='bbox 790 1676 852 1777; x_wconf 90' lang='lat' dir='ltr'>B,</span> <span class='ocrx_word' id='word_1_88' title='bbox 880 1681 977 1764; x_wconf 93' lang='lat' dir='ltr'>dico</span> <span class='ocrx_word' id='word_1_89' title='bbox 1009 1685 1048 1766; x_wconf 82' lang='lat' dir='ltr'>A</span> <span class='ocrx_word' id='word_1_90' title='bbox 1077 1679 1166 1765; x_wconf 88' lang='lat' dir='ltr'>fore</span> <span class='ocrx_word' id='word_1_91' title='bbox 1193 1682 1247 1764; x_wconf 91' lang='lat' dir='ltr'>ad</span> <span class='ocrx_word' id='word_1_92' title='bbox 1265 1682 1300 1763; x_wconf 92' lang='lat' dir='ltr'>B</span> <span class='ocrx_word' id='word_1_93' title='bbox 1320 1679 1422 1762; x_wconf 88' lang='lat' dir='ltr'>ficut</span> <span class='ocrx_word' id='word_1_94' title='bbox 1442 1681 1558 1788; x_wconf 83' lang='lat' dir='ltr'>Qad</span> <span class='ocrx_word' id='word_1_95' title='bbox 1579 1680 1611 1762; x_wconf 92' lang='lat' dir='ltr'>P</span> <span class='ocrx_word' id='word_1_96' title='bbox 1621 1726 1636 1780; x_wconf 74' lang='lat'>5</span> 
     </span>
     <span class='ocr_line' id='line_1_12' title="bbox 112 1789 1655 1905; baseline 0 -31"><span class='ocrx_word' id='word_1_97' title='bbox 112 1821 209 1894; x_wconf 84' lang='lat' dir='ltr'>narn</span> <span class='ocrx_word' id='word_1_98' title='bbox 229 1793 435 1905; x_wconf 87' lang='lat' dir='ltr'>cylindrus</span> <span class='ocrx_word' id='word_1_99' title='bbox 456 1821 509 1876; x_wconf 89' lang='lat' dir='ltr'>ex</span> <span class='ocrx_word' id='word_1_100' title='bbox 527 1793 743 1876; x_wconf 81' lang='lat' dir='ltr'>altitudine</span> <span class='ocrx_word' id='word_1_101' title='bbox 765 1793 800 1874; x_wconf 90' lang='lat' dir='ltr'>B</span> <span class='ocrx_word' id='word_1_102' title='bbox 823 1815 1005 1901; x_wconf 87' lang='lat' dir='ltr'>aequatur</span> <span class='ocrx_word' id='word_1_103' title='bbox 1033 1793 1201 1878; x_wconf 82' lang='lat' dir='ltr'>caritati</span> <span class='ocrx_word' id='word_1_104' title='bbox 1227 1793 1461 1904; x_wconf 86' lang='lat' dir='ltr'>recipientis</span> <span class='ocrx_word' id='word_1_105' title='bbox 1490 1789 1611 1876; x_wconf 90' lang='lat' dir='ltr'>solius</span> <span class='ocrx_word' id='word_1_106' title='bbox 1622 1796 1655 1890; x_wconf 80' lang='lat'>,&#39;</span> 
     </span>
     <span class='ocr_line' id='line_1_13' title="bbox 115 1903 1650 2020; baseline 0 -32"><span class='ocrx_word' id='word_1_107' title='bbox 115 1907 225 1988; x_wconf 92' lang='lat' dir='ltr'>unde</span> <span class='ocrx_word' id='word_1_108' title='bbox 245 1933 339 1988; x_wconf 90' lang='lat' dir='ltr'>cum</span> <span class='ocrx_word' id='word_1_109' title='bbox 360 1904 410 1988; x_wconf 88' lang='lat' dir='ltr'>fit</span> <span class='ocrx_word' id='word_1_110' title='bbox 428 1906 607 1989; x_wconf 91' lang='lat' dir='ltr'>altitudo</span> <span class='ocrx_word' id='word_1_111' title='bbox 626 1909 668 1990; x_wconf 81' lang='lat' dir='ltr'>A.</span> <span class='ocrx_word' id='word_1_112' title='bbox 684 1905 737 1990; x_wconf 89' lang='lat' dir='ltr'>ad</span> <span class='ocrx_word' id='word_1_113' title='bbox 754 1904 1013 1990; x_wconf 88' lang='lat' dir='ltr'>altitudinem</span> <span class='ocrx_word' id='word_1_114' title='bbox 1043 1905 1161 2005; x_wconf 84' lang='lat' dir='ltr'>B‚ut</span> <span class='ocrx_word' id='word_1_115' title='bbox 1181 1904 1388 2020; x_wconf 83' lang='lat' dir='ltr'>cylindrus</span> <span class='ocrx_word' id='word_1_116' title='bbox 1418 1903 1458 1984; x_wconf 82' lang='lat' dir='ltr'>A</span> <span class='ocrx_word' id='word_1_117' title='bbox 1485 1905 1538 1986; x_wconf 91' lang='lat' dir='ltr'>ad</span> <span class='ocrx_word' id='word_1_118' title='bbox 1567 1931 1650 2018; x_wconf 81' lang='lat' dir='ltr'>cy··</span> 
     </span>
     <span class='ocr_line' id='line_1_14' title="bbox 112 2017 1639 2131; baseline 0.001 -31"><span class='ocrx_word' id='word_1_119' title='bbox 112 2019 294 2100; x_wconf 83' lang='lat' dir='ltr'>lindrum</span> <span class='ocrx_word' id='word_1_120' title='bbox 316 2017 377 2115; x_wconf 91' lang='lat' dir='ltr'>B,</span> <span class='ocrx_word' id='word_1_121' title='bbox 396 2017 541 2115; x_wconf 88' lang='lat' dir='ltr'>idest,</span> <span class='ocrx_word' id='word_1_122' title='bbox 561 2037 608 2102; x_wconf 90' lang='lat' dir='ltr'>ut</span> <span class='ocrx_word' id='word_1_123' title='bbox 627 2019 974 2104; x_wconf 82' lang='lat' dir='ltr'>cavitates&#39;antliae</span> <span class='ocrx_word' id='word_1_124' title='bbox 995 2026 1035 2100; x_wconf 67' lang='grc' dir='ltr'>ὃς</span> <span class='ocrx_word' id='word_1_125' title='bbox 1056 2020 1288 2131; x_wconf 88' lang='lat' dir='ltr'>recipientis</span> <span class='ocrx_word' id='word_1_126' title='bbox 1310 2019 1427 2100; x_wconf 79' lang='lat' dir='ltr'>fimul.</span> <span class='ocrx_word' id='word_1_127' title='bbox 1445 2018 1498 2100; x_wconf 93' lang='lat' dir='ltr'>ad</span> <span class='ocrx_word' id='word_1_128' title='bbox 1520 2019 1639 2120; x_wconf 52' lang='lat' dir='ltr'>‚cavi-</span> 
     </span>
     <span class='ocr_line' id='line_1_15' title="bbox 113 2128 1638 2248; baseline 0.001 -36"><span class='ocrx_word' id='word_1_129' title='bbox 113 2151 241 2215; x_wconf 88' lang='lat' dir='ltr'>tatem</span> <span class='ocrx_word' id='word_1_130' title='bbox 269 2128 391 2216; x_wconf 91' lang='lat' dir='ltr'>solius</span> <span class='ocrx_word' id='word_1_131' title='bbox 421 2133 679 2244; x_wconf 87' lang='lat' dir='ltr'>recipientis,</span> <span class='ocrx_word' id='word_1_132' title='bbox 705 2132 784 2216; x_wconf 90' lang='lat' dir='ltr'>hoc</span> <span class='ocrx_word' id='word_1_133' title='bbox 803 2131 860 2218; x_wconf 88' lang='lat' dir='ltr'>est</span> <span class='ocrx_word' id='word_1_134' title='bbox 892 2129 1137 2244; x_wconf 79' lang='lat' dir='ltr'>(secundum</span> <span class='ocrx_word' id='word_1_135' title='bbox 1156 2129 1423 2248; x_wconf 76' lang='lat' dir='ltr'>hypothesin)</span> <span class='ocrx_word' id='word_1_136' title='bbox 1445 2152 1491 2214; x_wconf 94' lang='lat' dir='ltr'>ut</span> <span class='ocrx_word' id='word_1_137' title='bbox 1513 2132 1570 2240; x_wconf 88' lang='lat' dir='ltr'>Q</span> <span class='ocrx_word' id='word_1_138' title='bbox 1584 2132 1638 2214; x_wconf 93' lang='lat' dir='ltr'>ad</span> 
     </span>
     <span class='ocr_line' id='line_1_16' title="bbox 116 2228 1560 2355; baseline 0.002 -29"><span class='ocrx_word' id='word_1_139' title='bbox 116 2243 177 2342; x_wconf 85' lang='lat' dir='ltr'>P,</span> <span class='ocrx_word' id='word_1_140' title='bbox 206 2228 341 2353; x_wconf 84' lang='lat' dir='ltr'>liquet</span> <span class='ocrx_word' id='word_1_141' title='bbox 359 2245 626 2355; x_wconf 76' lang='lat' dir='ltr'>propositum.</span> <span class='ocrx_word' id='word_1_142' title='bbox 1554 2255 1560 2268; x_wconf 88' lang='lat'>&#39;</span> 
     </span>
    </p>
   </div>
   <div class='ocr_carea' id='block_1_6' title="bbox 629 2421 1123 2576">
    <p class='ocr_par' dir='ltr' id='par_1_6' title="bbox 629 2421 1123 2576">
     <span class='ocr_line' id='line_1_17' title="bbox 629 2421 1123 2576; baseline 0 -4"><span class='ocrx_word' id='word_1_143' title='bbox 629 2421 1123 2576; x_wconf 71' lang='lat' dir='ltr'>carorum</span> 
     </span>
    </p>
   </div>
   <div class='ocr_carea' id='block_1_7' title="bbox 162 2679 1587 2824">
    <p class='ocr_par' dir='ltr' id='par_1_7' title="bbox 162 2679 1587 2824">
     <span class='ocr_line' id='line_1_18' title="bbox 162 2679 1587 2824; baseline 0.001 -38"><span class='ocrx_word' id='word_1_144' title='bbox 162 2685 240 2786; x_wconf 84' lang='lat' dir='ltr'>De</span> <span class='ocrx_word' id='word_1_145' title='bbox 261 2679 433 2787; x_wconf 70' lang='lat' dir='ltr'>Viribus</span> <span class='ocrx_word' id='word_1_146' title='bbox 453 2684 630 2823; x_wconf 82' lang='lat' dir='ltr'>elasticis</span> <span class='ocrx_word' id='word_1_147' title='bbox 653 2690 770 2792; x_wconf 84' lang='lat' dir='ltr'>a&#39;e&#39;ris</span> <span class='ocrx_word' id='word_1_148' title='bbox 791 2720 889 2792; x_wconf 85' lang='lat' dir='ltr'>cum</span> <span class='ocrx_word' id='word_1_149' title='bbox 910 2681 1188 2820; x_wconf 79' lang='lat' dir='ltr'>denfitotr&#39;bus</span> <span class='ocrx_word' id='word_1_150' title='bbox 1208 2682 1299 2822; x_wconf 84' lang='lat' dir='ltr'>ejus</span> <span class='ocrx_word' id='word_1_151' title='bbox 1317 2690 1587 2824; x_wconf 77' lang='lat' dir='ltr'>comparatis.</span> 
     </span>
    </p>
   </div>
   <div class='ocr_carea' id='block_1_8' title="bbox 109 2930 1832 4400">
    <p class='ocr_par' dir='ltr' id='par_1_8' title="bbox 109 2930 1832 4400">
     <span class='ocr_line' id='line_1_19' title="bbox 245 2930 1775 3047; baseline -0.001 -35"><span class='ocrx_word' id='word_1_152' title='bbox 245 2930 318 3012; x_wconf 95' lang='lat' dir='ltr'>On</span> <span class='ocrx_word' id='word_1_153' title='bbox 333 2930 464 3016; x_wconf 91' lang='lat' dir='ltr'>solum</span> <span class='ocrx_word' id='word_1_154' title='bbox 474 2962 547 3044; x_wconf 90' lang='lat' dir='ltr'>per</span> <span class='ocrx_word' id='word_1_155' title='bbox 566 2937 856 3047; x_wconf 90' lang='lat' dir='ltr'>experimenta,</span> <span class='ocrx_word' id='word_1_156' title='bbox 869 2961 1043 3046; x_wconf 88' lang='lat' dir='ltr'>quorum</span> <span class='ocrx_word' id='word_1_157' title='bbox 1053 2935 1247 3018; x_wconf 90' lang='lat' dir='ltr'>nonnulla</span> <span class='ocrx_word' id='word_1_158' title='bbox 1256 2934 1375 3024; x_wconf 86' lang='lat' dir='ltr'>initio</span> <span class='ocrx_word' id='word_1_159' title='bbox 1385 2932 1530 3041; x_wconf 89' lang='lat' dir='ltr'>capitis</span> <span class='ocrx_word' id='word_1_160' title='bbox 1540 2958 1635 3038; x_wconf 73' lang='lat' dir='ltr'>pro</span> <span class='ocrx_word' id='word_1_161' title='bbox 1765 2945 1775 2958; x_wconf 81' lang='lat'><strong><em>‘</em></strong></span> 
     </span>
     <span class='ocr_line' id='line_1_20' title="bbox 254 3043 1638 3155; baseline -0.001 -31"><span class='ocrx_word' id='word_1_162' title='bbox 254 3045 363 3126; x_wconf 90' lang='lat' dir='ltr'>xime</span> <span class='ocrx_word' id='word_1_163' title='bbox 382 3048 655 3130; x_wconf 89' lang='lat' dir='ltr'>antecedentis</span> <span class='ocrx_word' id='word_1_164' title='bbox 675 3049 875 3147; x_wconf 88' lang='lat' dir='ltr'>recensui,</span> <span class='ocrx_word' id='word_1_165' title='bbox 903 3046 1085 3130; x_wconf 84' lang='lat' dir='ltr'>constitit</span> <span class='ocrx_word' id='word_1_166' title='bbox 1105 3059 1195 3131; x_wconf 77' lang='lat' dir='ltr'>ae&#39;ra</span> <span class='ocrx_word' id='word_1_167' title='bbox 1225 3047 1267 3129; x_wconf 92' lang='lat' dir='ltr'>vi</span> <span class='ocrx_word' id='word_1_168' title='bbox 1299 3044 1458 3128; x_wconf 89' lang='lat' dir='ltr'>elastica</span> <span class='ocrx_word' id='word_1_169' title='bbox 1487 3043 1638 3155; x_wconf 87' lang='lat' dir='ltr'>praedi-</span> 
     </span>
     <span class='ocr_line' id='line_1_21' title="bbox 114 3145 1638 3272; baseline 0.001 -36"><span class='ocrx_word' id='word_1_170' title='bbox 114 3157 311 3256; x_wconf 73' lang='lat' dir='ltr'>tumesse3</span> <span class='ocrx_word' id='word_1_171' title='bbox 325 3157 397 3241; x_wconf 91' lang='lat' dir='ltr'>sed</span> <span class='ocrx_word' id='word_1_172' title='bbox 413 3161 535 3243; x_wconf 90' lang='lat' dir='ltr'>etiam</span> <span class='ocrx_word' id='word_1_173' title='bbox 546 3160 807 3272; x_wconf 82' lang='lat' dir='ltr'>Philosophis¹</span> <span class='ocrx_word' id='word_1_174' title='bbox 828 3162 1008 3244; x_wconf 89' lang='lat' dir='ltr'>innotuit</span> <span class='ocrx_word' id='word_1_175' title='bbox 1027 3162 1132 3244; x_wconf 87' lang='lat' dir='ltr'>hanc</span> <span class='ocrx_word' id='word_1_176' title='bbox 1148 3163 1234 3243; x_wconf 90' lang='lat' dir='ltr'>vim</span> <span class='ocrx_word' id='word_1_177' title='bbox 1256 3145 1513 3271; x_wconf 86' lang='lat' dir='ltr'>expansrv&#39;am</span> <span class='ocrx_word' id='word_1_178' title='bbox 1532 3157 1638 3238; x_wconf 68' lang='lat' dir='ltr'>aeris</span> 
     </span>
     <span class='ocr_line' id='line_1_22' title="bbox 115 3269 1636 3382; baseline 0 -34"><span class='ocrx_word' id='word_1_179' title='bbox 115 3295 169 3348; x_wconf 89' lang='lat' dir='ltr'>eo</span> <span class='ocrx_word' id='word_1_180' title='bbox 188 3273 374 3377; x_wconf 89' lang='lat' dir='ltr'>majorem</span> <span class='ocrx_word' id='word_1_181' title='bbox 396 3269 487 3369; x_wconf 86' lang='lat' dir='ltr'>else,</span> <span class='ocrx_word' id='word_1_182' title='bbox 497 3300 583 3381; x_wconf 93' lang='lat' dir='ltr'>quo</span> <span class='ocrx_word' id='word_1_183' title='bbox 601 3277 728 3382; x_wconf 84' lang='lat' dir='ltr'>major</span> <span class='ocrx_word' id='word_1_184' title='bbox 749 3274 797 3355; x_wconf 87' lang='lat' dir='ltr'>srt</span> <span class='ocrx_word' id='word_1_185' title='bbox 817 3275 918 3356; x_wconf 79' lang='lat' dir='ltr'>ae&#39;ris</span> <span class='ocrx_word' id='word_1_186' title='bbox 929 3273 1099 3356; x_wconf 77' lang='lat' dir='ltr'>densitas</span> <span class='ocrx_word' id='word_1_187' title='bbox 1111 3328 1124 3368; x_wconf 88' lang='lat'>,</span> <span class='ocrx_word' id='word_1_188' title='bbox 1144 3279 1183 3355; x_wconf 85' lang='lat'>&amp;</span> <span class='ocrx_word' id='word_1_189' title='bbox 1204 3273 1296 3353; x_wconf 88' lang='lat' dir='ltr'>vice</span> <span class='ocrx_word' id='word_1_190' title='bbox 1316 3271 1428 3355; x_wconf 88' lang='lat' dir='ltr'>versa</span> <span class='ocrx_word' id='word_1_191' title='bbox 1436 3317 1449 3369; x_wconf 69' lang='lat'>3</span> <span class='ocrx_word' id='word_1_192' title='bbox 1477 3269 1636 3351; x_wconf 92' lang='lat' dir='ltr'>idcirco</span> 
     </span>
     <span class='ocr_line' id='line_1_23' title="bbox 116 3381 1648 3492; baseline 0 -33"><span class='ocrx_word' id='word_1_193' title='bbox 116 3381 429 3474; x_wconf 85' lang='lat' dir='ltr'>examinandum</span> <span class='ocrx_word' id='word_1_194' title='bbox 458 3385 593 3467; x_wconf 87' lang='lat' dir='ltr'>adhuc</span> <span class='ocrx_word' id='word_1_195' title='bbox 623 3385 742 3469; x_wconf 90' lang='lat' dir='ltr'>restat</span> <span class='ocrx_word' id='word_1_196' title='bbox 768 3383 1102 3468; x_wconf 83' lang='lat' dir='ltr'>anelasticitates</span> <span class='ocrx_word' id='word_1_197' title='bbox 1132 3382 1309 3467; x_wconf 87' lang='lat' dir='ltr'>crescant</span> <span class='ocrx_word' id='word_1_198' title='bbox 1338 3381 1503 3492; x_wconf 85' lang='lat' dir='ltr'>praecise</span> <span class='ocrx_word' id='word_1_199' title='bbox 1517 3386 1648 3490; x_wconf 85' lang='lat' dir='ltr'>juxta</span> 
     </span>
     <span class='ocr_line' id='line_1_24' title="bbox 113 3496 1634 3604; baseline -0.001 -31"><span class='ocrx_word' id='word_1_200' title='bbox 113 3496 423 3602; x_wconf 86' lang='lat' dir='ltr'>proportionem</span> <span class='ocrx_word' id='word_1_201' title='bbox 442 3496 698 3596; x_wconf 89' lang='lat' dir='ltr'>denfitatum‚</span> <span class='ocrx_word' id='word_1_202' title='bbox 709 3525 758 3579; x_wconf 85' lang='lat' dir='ltr'>an</span> <span class='ocrx_word' id='word_1_203' title='bbox 779 3527 877 3581; x_wconf 89' lang='lat' dir='ltr'>vero</span> <span class='ocrx_word' id='word_1_204' title='bbox 894 3497 1113 3580; x_wconf 88' lang='lat' dir='ltr'>secundum</span> <span class='ocrx_word' id='word_1_205' title='bbox 1131 3497 1251 3577; x_wconf 91' lang='lat' dir='ltr'>aliam</span> <span class='ocrx_word' id='word_1_206' title='bbox 1271 3518 1558 3604; x_wconf 88' lang='lat' dir='ltr'>quamcunque</span> <span class='ocrx_word' id='word_1_207' title='bbox 1575 3520 1634 3574; x_wconf 86' lang='lat' dir='ltr'>ra-</span> 
     </span>
     <span class='ocr_line' id='line_1_25' title="bbox 114 3605 1635 3722; baseline 0.004 -38"><span class='ocrx_word' id='word_1_208' title='bbox 114 3605 282 3688; x_wconf 89' lang='lat' dir='ltr'>tionem.</span> <span class='ocrx_word' id='word_1_209' title='bbox 338 3609 388 3690; x_wconf 93' lang='lat' dir='ltr'>In</span> <span class='ocrx_word' id='word_1_210' title='bbox 407 3609 486 3693; x_wconf 92' lang='lat' dir='ltr'>hoc</span> <span class='ocrx_word' id='word_1_211' title='bbox 507 3611 642 3722; x_wconf 89' lang='lat' dir='ltr'>capite</span> <span class='ocrx_word' id='word_1_212' title='bbox 660 3611 853 3694; x_wconf 86' lang='lat' dir='ltr'>nonnulla</span> <span class='ocrx_word' id='word_1_213' title='bbox 873 3611 1154 3695; x_wconf 83' lang='lat' dir='ltr'>exhibebimus</span> <span class='ocrx_word' id='word_1_214' title='bbox 1174 3609 1421 3690; x_wconf 85' lang='lat' dir='ltr'>theoremata</span> <span class='ocrx_word' id='word_1_215' title='bbox 1453 3607 1506 3688; x_wconf 93' lang='lat' dir='ltr'>ad</span> <span class='ocrx_word' id='word_1_216' title='bbox 1531 3607 1635 3690; x_wconf 87' lang='lat' dir='ltr'>hanc</span> 
     </span>
     <span class='ocr_line' id='line_1_26' title="bbox 116 3715 1667 3802; baseline 0.005 -8"><span class='ocrx_word' id='word_1_217' title='bbox 116 3743 205 3797; x_wconf 86' lang='lat' dir='ltr'>rem</span> <span class='ocrx_word' id='word_1_218' title='bbox 221 3715 421 3802; x_wconf 86' lang='lat' dir='ltr'>facientia.</span> <span class='ocrx_word' id='word_1_219' title='bbox 1664 3750 1667 3758; x_wconf 53' lang='lat'>¹</span> 
     </span>
     <span class='ocr_line' id='line_1_27' title="bbox 175 3831 1634 3944; baseline 0.002 -32"><span class='ocrx_word' id='word_1_220' title='bbox 175 3853 266 3938; x_wconf 83' lang='lat'>339.</span> <span class='ocrx_word' id='word_1_221' title='bbox 297 3831 407 3914; x_wconf 89' lang='lat' dir='ltr'>Cum</span> <span class='ocrx_word' id='word_1_222' title='bbox 424 3834 525 3917; x_wconf 84' lang='lat' dir='ltr'>a&#39;e&#39;ris</span> <span class='ocrx_word' id='word_1_223' title='bbox 542 3834 756 3919; x_wconf 87' lang='lat' dir='ltr'>elasticitas</span> <span class='ocrx_word' id='word_1_224' title='bbox 788 3833 972 3920; x_wconf 77' lang='lat' dir='ltr'>consistat</span> <span class='ocrx_word' id='word_1_225' title='bbox 1000 3837 1043 3916; x_wconf 88' lang='lat' dir='ltr'>in</span> <span class='ocrx_word' id='word_1_226' title='bbox 1075 3833 1221 3916; x_wconf 76' lang='lat' dir='ltr'>nisibus</span> <span class='ocrx_word' id='word_1_227' title='bbox 1241 3833 1351 3931; x_wconf 77' lang='lat' dir='ltr'>illis,</span> <span class='ocrx_word' id='word_1_228' title='bbox 1367 3834 1514 3944; x_wconf 87' lang='lat' dir='ltr'>quibus</span> <span class='ocrx_word' id='word_1_229' title='bbox 1533 3835 1634 3916; x_wconf 78' lang='lat' dir='ltr'>ae&#39;ris</span> 
     </span>
     <span class='ocr_line' id='line_1_28' title="bbox 110 3940 1640 4055; baseline 0.003 -34"><span class='ocrx_word' id='word_1_230' title='bbox 110 3940 328 4026; x_wconf 86' lang='lat' dir='ltr'>moleculae</span> <span class='ocrx_word' id='word_1_231' title='bbox 351 3947 374 4026; x_wconf 76' lang='lat' dir='ltr'>a</span> <span class='ocrx_word' id='word_1_232' title='bbox 394 3944 433 4028; x_wconf 91' lang='lat' dir='ltr'>se</span> <span class='ocrx_word' id='word_1_233' title='bbox 450 3969 595 4029; x_wconf 90' lang='lat' dir='ltr'>mutuo</span> <span class='ocrx_word' id='word_1_234' title='bbox 613 3950 798 4032; x_wconf 86' lang='lat' dir='ltr'>recedere</span> <span class='ocrx_word' id='word_1_235' title='bbox 816 3970 1026 4045; x_wconf 89' lang='lat' dir='ltr'>conantur,</span> <span class='ocrx_word' id='word_1_236' title='bbox 1036 3943 1289 4031; x_wconf 86' lang='lat' dir='ltr'>manifestum</span> <span class='ocrx_word' id='word_1_237' title='bbox 1302 3946 1358 4030; x_wconf 92' lang='lat' dir='ltr'>est</span> <span class='ocrx_word' id='word_1_238' title='bbox 1367 4004 1381 4043; x_wconf 86' lang='lat'><strong><em>,</em></strong></span> <span class='ocrx_word' id='word_1_239' title='bbox 1394 3947 1510 4055; x_wconf 92' lang='lat' dir='ltr'>quod</span> <span class='ocrx_word' id='word_1_240' title='bbox 1529 3943 1640 4054; x_wconf 89' lang='lat' dir='ltr'>pres--</span> 
     </span>
     <span class='ocr_line' id='line_1_29' title="bbox 113 4051 1832 4173; baseline 0.002 -42"><span class='ocrx_word' id='word_1_241' title='bbox 113 4051 177 4132; x_wconf 86' lang='lat' dir='ltr'>sro</span> <span class='ocrx_word' id='word_1_242' title='bbox 189 4081 332 4160; x_wconf 90' lang='lat' dir='ltr'>,quam</span> <span class='ocrx_word' id='word_1_243' title='bbox 352 4059 568 4167; x_wconf 92' lang='lat' dir='ltr'>quodlibet</span> <span class='ocrx_word' id='word_1_244' title='bbox 586 4061 766 4173; x_wconf 88' lang='lat' dir='ltr'>planum,</span> <span class='ocrx_word' id='word_1_245' title='bbox 777 4081 862 4173; x_wconf 91' lang='lat' dir='ltr'>quo</span> <span class='ocrx_word' id='word_1_246' title='bbox 882 4059 1185 4172; x_wconf 79' lang='lat' dir='ltr'>ae&#39;risexpansro</span> <span class='ocrx_word' id='word_1_247' title='bbox 1202 4061 1449 4173; x_wconf 87' lang='lat' dir='ltr'>impeditur,</span> <span class='ocrx_word' id='word_1_248' title='bbox 1463 4061 1490 4139; x_wconf 75' lang='lat' dir='ltr'>l·</span> <span class='ocrx_word' id='word_1_249' title='bbox 1509 4059 1634 4166; x_wconf 92' lang='lat' dir='ltr'>parti·</span> <span class='ocrx_word' id='word_1_250' title='bbox 1823 4161 1832 4172; x_wconf 78' lang='lat'><em>,</em></span> 
     </span>
     <span class='ocr_line' id='line_1_30' title="bbox 109 4163 1718 4286; baseline 0.002 -41"><span class='ocrx_word' id='word_1_251' title='bbox 109 4163 222 4245; x_wconf 86' lang='lat' dir='ltr'>culis</span> <span class='ocrx_word' id='word_1_252' title='bbox 241 4169 342 4249; x_wconf 71' lang='lat' dir='ltr'>aeris</span> <span class='ocrx_word' id='word_1_253' title='bbox 361 4170 484 4278; x_wconf 90' lang='lat' dir='ltr'>plano</span> <span class='ocrx_word' id='word_1_254' title='bbox 504 4175 710 4286; x_wconf 86' lang='lat' dir='ltr'>contiguis</span> <span class='ocrx_word' id='word_1_255' title='bbox 728 4173 856 4274; x_wconf 88' lang='lat' dir='ltr'>subit,</span> <span class='ocrx_word' id='word_1_256' title='bbox 884 4173 1054 4286; x_wconf 84' lang='lat' dir='ltr'>aequalis</span> <span class='ocrx_word' id='word_1_257' title='bbox 1078 4175 1137 4260; x_wconf 89' lang='lat' dir='ltr'>est</span> <span class='ocrx_word' id='word_1_258' title='bbox 1165 4173 1359 4259; x_wconf 85' lang='lat' dir='ltr'>universae</span> <span class='ocrx_word' id='word_1_259' title='bbox 1389 4172 1432 4254; x_wconf 92' lang='lat' dir='ltr'>vi</span> <span class='ocrx_word' id='word_1_260' title='bbox 1464 4167 1634 4278; x_wconf 77' lang='lat' dir='ltr'>singula·</span> <span class='ocrx_word' id='word_1_261' title='bbox 1710 4177 1718 4190; x_wconf 88' lang='lat'>&#39;</span> 
     </span>
     <span class='ocr_line' id='line_1_31' title="bbox 110 4281 788 4400; baseline 0.021 -44"><span class='ocrx_word' id='word_1_262' title='bbox 110 4303 204 4358; x_wconf 91' lang='lat' dir='ltr'>rum</span> <span class='ocrx_word' id='word_1_263' title='bbox 227 4281 515 4388; x_wconf 84' lang='lat' dir='ltr'>particularum</span> <span class='ocrx_word' id='word_1_264' title='bbox 534 4287 788 4400; x_wconf 70' lang='lat' dir='ltr'>urgentiumr·</span> 
     </span>
    </p>
   </div>
   <div class='ocr_carea' id='block_1_9' title="bbox 374 4531 1386 4628">
    <p class='ocr_par' dir='ltr' id='par_1_9' title="bbox 374 4531 1386 4628">
     <span class='ocr_line' id='line_1_32' title="bbox 374 4531 1386 4628; baseline -0.003 -12"><span class='ocrx_word' id='word_1_265' title='bbox 374 4531 840 4625; x_wconf 88' lang='lat' dir='ltr'>PROPOSITIO</span> <span class='ocrx_word' id='word_1_266' title='bbox 868 4541 1012 4628; x_wconf 89' lang='lat' dir='ltr'><strong>XXI.</strong></span> <span class='ocrx_word' id='word_1_267' title='bbox 1042 4541 1386 4622; x_wconf 67' lang='lat' dir='ltr'>Tritonem.</span> 
     </span>
    </p>
   </div>
   <div class='ocr_carea' id='block_1_10' title="bbox 164 4664 1837 4946">
    <p class='ocr_par' dir='ltr' id='par_1_10' title="bbox 164 4664 1837 4946">
     <span class='ocr_line' id='line_1_33' title="bbox 164 4664 1837 4921; baseline 0.008 -121"><span class='ocrx_word' id='word_1_268' title='bbox 164 4745 259 4829; x_wconf 85' lang='lat'>340.</span> <span class='ocrx_word' id='word_1_269' title='bbox 290 4727 337 4810; x_wconf 86' lang='lat' dir='ltr'>Sr&#39;</span> <span class='ocrx_word' id='word_1_270' title='bbox 353 4682 431 4810; x_wconf 59' lang='lat' dir='ltr'>a&#39;e‘i*</span> <span class='ocrx_word' id='word_1_271' title='bbox 431 4727 508 4840; x_wconf 88' lang='lat' dir='ltr'>sub</span> <span class='ocrx_word' id='word_1_272' title='bbox 527 4731 720 4818; x_wconf 74' lang='lat' dir='ltr'>‘uolumine</span> <span class='ocrx_word' id='word_1_273' title='bbox 739 4735 911 4921; x_wconf 53' lang='lat' dir='ltr'>cujusvp</span> <span class='ocrx_word' id='word_1_274' title='bbox 927 4736 1123 4838; x_wconf 82' lang='lat' dir='ltr'>prirmatis</span> <span class='ocrx_word' id='word_1_275' title='bbox 1142 4731 1263 4815; x_wconf 91' lang='lat' dir='ltr'>BOF</span> <span class='ocrx_word' id='word_1_276' title='bbox 1283 4722 1485 4838; x_wconf 81' lang='lat' dir='ltr'>redigatur</span> <span class='ocrx_word' id='word_1_277' title='bbox 1504 4729 1548 4810; x_wconf 86' lang='lat' dir='ltr'>in·</span> <span class='ocrx_word' id='word_1_278' title='bbox 1563 4664 1633 4807; x_wconf 75' lang='lat' dir='ltr'>nti-</span> <span class='ocrx_word' id='word_1_279' title='bbox 1665 4771 1783 4851; x_wconf 62' lang='lat' dir='ltr'>riam.</span> <span class='ocrx_word' id='word_1_280' title='bbox 1834 4751 1837 4758; x_wconf 82' lang='grc'><strong>’</strong></span> 
     </span>
     <span class='ocr_line' id='line_1_34' title="bbox 740 4855 1637 4946; baseline 0.008 -33"><span class='ocrx_word' id='word_1_281' title='bbox 740 4855 745 4868; x_wconf 93' lang='grc'><em>·</em></span> <span class='ocrx_word' id='word_1_282' title='bbox 909 4864 931 4916; x_wconf 91' lang='lat' dir='ltr'>a</span> <span class='ocrx_word' id='word_1_283' title='bbox 960 4863 981 4946; x_wconf 82' lang='lat'>3</span> <span class='ocrx_word' id='word_1_284' title='bbox 1340 4938 1343 4946; x_wconf 23' lang='grc'>1</span> <span class='ocrx_word' id='word_1_285' title='bbox 1566 4866 1637 4927; x_wconf 82' lang='lat' dir='ltr'>nus</span> 
     </span>
    </p>
   </div>
   <div class='ocr_carea' id='block_1_11' title="bbox 466 5045 619 5103">
    <p class='ocr_par' dir='ltr' id='par_1_11' title="bbox 466 5045 619 5103">
     <span class='ocr_line' id='line_1_35' title="bbox 466 5045 619 5103; baseline 0 -29"><span class='ocrx_word' id='word_1_286' title='bbox 466 5045 490 5103; x_wconf 67' lang='lat'><strong>·</strong></span> <span class='ocrx_word' id='word_1_287' title='bbox 613 5056 619 5074; x_wconf 78' lang='lat' dir='ltr'>r</span> 
     </span>
    </p>
   </div>
   <div class='ocr_carea' id='block_1_12' title="bbox 0 0 2008 5414">
    <p class='ocr_par' dir='ltr' id='par_1_12' title="bbox 0 0 2008 5414">
     <span class='ocr_line' id='line_1_36' title="bbox 0 0 2008 5414; baseline 0 0"><span class='ocrx_word' id='word_1_288' title='bbox 0 0 2008 5414; x_wconf 95' lang='lat' dir='ltr'> </span> 
     </span>
    </p>
   </div>
  </div>
 </body>
</html>
