4008 5414
205 215 289 312 D'n
321 203 584 313 Vrsinus
619 218 999 344 rnMourrus
1030 223 1557 318 ConponuuAErnli.
1590 217 1669 349 iii}

137 359 248 450 nalia
256 423 272 466 ‚
285 353 401 472 'tinde
421 343 518 448 cum
536 361 663 447 latera
675 353 1000 468 ‘solidorum'fint
1019 366 1064 447 in
1081 365 1290 479 reciproca
1308 349 1590 480 subtripiicata
1606 374 1671 460 rad

136 482 254 564 tione
270 476 538 576 densitatum,
566 495 685 560 erunt
706 475 1042 588 etiampororum
1053 479 1343 590 amplitudines
1361 480 1428 564 seu
1448 487 1671 593 particula:

137 621 228 676 nrm
247 593 471 676 fluidorum
489 589 564 672 srbi
580 591 760 672 invicem
780 590 1058 700 proximarum
1075 591 1274 678 distantiae
1295 594 1339 676 in
1359 593 1568 706 reciproca
1575 597 1672 686 fub-

136 705 348 816 triplicata
364 703 523 786 ratione
542 701 797 804 densitatum.
824 704 959 814 Atqui
978 703 1175 788 velocitas
1196 705 1354 790 :etheris
1376 708 1538 804 fluentis
1559 707 1668 798 trans
1691 709 1694 716 ’

137 845 289 930 porum
310 816 488 927 liquoris
510 815 617 899 Lest
634 815 688 908 ad
708 815 957 926 celeritatem
978 817 1156 928 ejusdem
1186 813 1349 912 fluentis
1378 831 1486 904 trans
1503 818 1670 936 'porum

136 932 243 1016 aeris
263 931 328 1026 A,
355 929 578 1039 reciproce,
586 951 632 1012 ut
652 947 775 1040 porus
795 931 897 1018 aeris
917 927 983 1010 seu
1001 929 1262 1014 interstitium
1280 931 1450 1015 dnamm
1476 940 1559 1046 ejus
1578 931 1669 1022 mo·

134 1041 365 1126 loculatum
385 1042 608 1124 vicinarum
634 1042 853 1152 adpotum
873 1041 1045 1156 liquoris
1056 1066 1204 1158 ,atque
1221 1043 1323 1128 adeo
1343 1045 1494 1128 dircite
1513 1049 1557 1132 in
1574 1048 1669 1158 sub.

135 1153 348 1266 triplicata
366 1153 524 1236 ratione
539 1151 745 1237 densrtatis
766 1154 938 1264 liquoris
959 1154 994 1237 L
1013 1157 1067 1238 ad
1086 1151 1321 1240 densitatem
1340 1157 1493 1240 adrisA
1502 1217 1519 1258 ,.
1541 1159 1589 1244 id
1596 1153 1674 1264 est,

137 1267 185 1348 in
204 1264 483 1378 subtripiicata
504 1265 891 1378 rationegravitatis
919 1263 1120 1380 specificae
1150 1270 1324 1380 liquoris
1353 1271 1670 1384 adlgnvitatem
1698 1273 1701 1280 ’

138 1376 375 1490 specificam
393 1379 504 1466 aeris.
554 1380 649 1491 Jam
670 1376 764 1461 cum
785 1437 801 1478 ‚
835 1377 883 1461 ut
901 1377 1023 1491 'supra
1038 1380 1114 1491 (ἕ.
1129 1381 1251 1498 314.)
1280 1377 1463 1481 elidum,
1492 1386 1670 1498 gravitas

139 1515 261 1601 aquae
280 1492 333 1574 ad
349 1492 591 1604 gravitatem
611 1491 714 1576 aeris
739 1491 787 1574 srt
808 1513 855 1574 ut
875 1495 968 1576 800.
985 1494 1038 1576 ad
1053 1521 1106 1592 .1,
1135 1503 1176 1579 ὃς
1197 1493 1317 1578 radix
1336 1499 1481 1580 cubica
1500 1523 1553 1580 ex
1573 1503 1671 1583 800.

137 1601 191 1686 fit
209 1629 332 1714 quam
349 1602 538 1714 proxime
556 1621 589 1693 te
598 1647 611 1702 3
640 1604 717 1685 erit
735 1603 934 1690 velocitas
951 1605 1111 1690 aetheris
1130 1602 1237 1690 trans
1266 1635 1414 1718 aquam
1446 1609 1501 1691 ad
1530 1601 1672 1696 celeri-
1814 1595 1819 1606 ⁸

137 1735 266 1800 tatem
286 1701 465 1826 ejusdem
486 1735 595 1797 trans
612 1721 746 1800 aerem
765 1717 954 1828 proxime
971 1739 1019 1802 ut
1050 1747 1114 1828 92.
1137 1721 1190 1802 ai
1213 1747 1288 1819 103
1317 1721 1415 1804 hinc
1427 1721 1549 1833 ,quia
1577 1711 1673 1834 flui·
1730 1823 1731 1826 q

138 1828 289 1924 dorum,
303 1825 587 2022 imqressiones
598 1825 642 1910 in
660 1829 922 1948 corporibus?
935 1831 978 1912 in
1008 1823 1100 1942 quae
1118 1853 1267 1946 agunt,
1285 1830 1377 1946 sunt
1395 1833 1440 1915 in
1460 1829 1674 1947 duplicata

134 1943 295 2024 ratione
314 1968 367 2024 ve
385 1940 586 2048 ocitatum
597 1995 611 2037 ,
635 1962 682 2022 ut
700 1943 748 2053 id
768 1940 839 2024 suo
859 1944 956 2026 loco
986 1943 1218 2048 ostendetur
1230 2003 1252 2043 ,.
1271 1945 1349 2027 e'rit
1378 1945 1459 2030 hoc
1488 1945 1585 2031 'casu
1607 1949 1676 2034 vis

137 2054 300 2138 aetheris
318 2053 373 2136 ad
391 2051 610 2168 abigendas
629 2053 854 2151 moleculas
873 2081 988 2168 aquae
1008 2057 1062 2140 ad
1082 2059 1168 2142 vim
1189 2051 1369 2170 ejusdem
1389 2059 1443 2141 ad
1453 2051 1677 2172 abigendas

147 2166 232 2248 ise
252 2166 431 2250 invicem
450 2164 669 2249 moleculas
688 2169 815 2268 aeris,
842 2190 889 2251 ut
906 2166 1151 2280 quadratum
1173 2199 1224 2254 ex
1257 2198 1323 2281 92.
1344 2169 1407 2254 ad
1428 2173 1673 2282 quadratum
1696 2217 1699 2224 ¹

139 2305 193 2362 ex
217 2305 278 2360 ro.
290 2278 504 2392 proxime,
532 2279 578 2361 id
596 2277 659 2362 est
674 2301 722 2368 ut
746 2277 869 2389 8464.
883 2283 937 2376 ad
961 2310 1039 2376 100
1050 2327 1063 2382 3
1092 2283 1278 2394 adeoque
1295 2308 1443 2393 aquam
1464 2302 1675 2398 oporteret

139 2391 291 2474 habere
309 2389 547 2472 inParentii
569 2391 808 2506 Hypothesr
826 2393 920 2505 plus
940 2393 1063 2504 quam
1085 2389 1673 2510 odrogintavicibusmanrem
1811 2459 1816 2464 -

143 2502 236 2606 vim
254 2501 454 2586 clasticam
474 2529 599 2613 quam
616 2517 707 2604 aer,
734 2535 807 2590 cur
825 2507 954 2620 igitur
970 2504 1082 2587 nulla
1103 2507 1188 2604 ina
1221 2535 1279 2608 ua,
1291 2505 1506 2609 clasticitas
1527 2511 1673 2623 depre·
1793 2519 1796 2524 ’

145 2613 365 2698 henditur?
391 2615 524 2698 multo
544 2621 671 2727 major
692 2620 826 2708 adhuc
848 2619 1012 2703 deberet
1028 2615 1106 2700 effe
1134 2534 1348 2732 euinctus
1368 2619 1612 2737 hydrargyri
1631 2629 1676 2709 bc
1808 2719 1810 2724 ,

146 2725 320 2810 aliorum
337 2725 560 2812 fluidorum
579 2733 687 2839 aqud
705 2730 895 2844 specifice
913 2723 1157 2846 graviorum.
1510 2732 1512 2740 ’
1581 2725 1596 2754 ⁸

69 2883 78 2898 ·
201 2839 358 2938 Verum
380 2841 586 2951 quicquid
605 2843 655 2928 s1t
675 2842 866 2956 decausa
882 2842 1049 2971 physlca.
1066 2843 1222 2936 clateris
1243 2840 1345 2958 aeris
1356 2841 1678 2960 ,adinstitutun'r

145 2951 325 3036 nostrum
343 2951 496 3040 sufficit
510 2955 594 3039 aeri
610 2956 698 3040 vim
717 2956 920 3041 elasticam
942 2953 1085 3056 rneffe,
1097 2957 1214 3070 quod
1232 2965 1379 3067 praeter
1398 2955 1680 3072 experimenta

144 3065 199 3148 ab
218 3065 342 3148 initio
361 3068 483 3178 hujus
498 3067 646 3178 capitis
665 3069 812 3166 relata,
832 3067 954 3164 etiam
975 3070 1137 3181 probari
1159 3067 1291 3182 potest
1311 3066 1520 3183 effectibus
1541 3064 1680 3154 anth’ae

145 3177 403 3262 Guerikianae
426 3179 655 3263 ruoberto
671 3179 824 3296 Boylio
844 3175 996 3294 postea⁴
1011 3183 1140 3296 magis
1171 3179 1358 3293 perfestae
1370 3239 1388 3280 ,
1411 3185 1525 3297 cujus
1552 3209 1685 3292 opera

145 3301 216 3372 aer
234 3291 276 3374 in
292 3292 393 3376 vasis
412 3292 739 3404 quibuscunque,
751 3322 843 3406 quae
865 3295 998 3378 eidem
1017 3295 1095 3378 rite
1116 3292 1316 3406 applicari
1337 3316 1519 3406 queunt,
1546 3319 1679 3402 quan-

144 3422 238 3484 tum
265 3405 367 3498 velis
388 3403 585 3502 rarefieri,
606 3425 730 3516 atque
759 3407 867 3493 adeo,
892 3433 983 3518 pars
1012 3407 1117 3510 ¹a'e'ris
1141 3403 1457 3516 quantacunque
1494 3403 1681 3516 repetitis

144 3515 353 3600 haustibus
373 3517 494 3601 educi
513 3517 670 3628 potest,
698 3521 815 3632 quod
833 3517 1002 3622 minime
1021 3515 1252 3606 succederet
1273 3515 1323 3608 ‚st
1339 3527 1407 3600 a'e'r
1425 3513 1580 3632 virtute
1593 3517 1686 3605 illa

147 3629 367 3738 expanfiva
386 3651 562 3714 careret..
641 3650 646 3667 ‘
1132 3657 1136 3666 “
1283 3637 1285 3644 ’
1428 3667 1432 3673 ’
1618 3640 1621 3646 ⁴
1666 3653 1672 3670 '

206 3745 298 3848 328.
325 3741 398 3846 Est
414 3741 728 3852 veroejusmodi
748 3741 890 3828 Antlia
908 3741 1158 3830 Pnrumatr'cn
1176 3747 1302 3832 tubus
1314 3739 1446 3831 ancus
1457 3743 1501 3831 in
1509 3764 1598 3856 tota
1607 3742 1680 3830 sua

147 3853 328 3950 cavitate
343 3854 521 3966 perfecte
540 3855 752 3969 laevigabis
763 3911 776 3953 ‚
787 3857 846 3940 ita
863 3875 911 3937 ut
928 3852 1126 3954 embolus,
1136 3855 1211 3968 qui
1222 3858 1338 3955 ⁴ultro
1358 3857 1548 3969 citroque
1555 3860 1598 3939 in
1609 3864 1676 3962 ea-'
1701 3862 1706 3870 '

143 3964 244 4048 dem
264 3967 440 4052 cavitate
459 3967 675 4082 agitandus
694 3957 830 4056 anilia
839 3966 1008 4057 cavitati
1020 3967 1174 4080 ubique
1184 3965 1476 4086 accuratiflime
1486 3971 1680 4089 quadret,¹

146 4101 226 4158 nec
244 4077 345 4162 ullas
363 4082 488 4168 rimas
502 4080 706 4192 relinquat
724 4109 803 4198 per
818 4109 924 4193 quas
940 4091 1008 4165 ae'r
1026 4081 1271 4195 transpirar'e
1291 4083 1429 4199 possit.
1477 4093 1478 4098 '

45 4285 53 4300 ,
201 4185 388 4272 Embolos
404 4191 460 4272 est
478 4189 677 4300 pistillum
698 4220 750 4280 ex
770 4191 937 4296 circulis
955 4193 1148 4280 coriaceis
1168 4197 1332 4282 orifi'cio
1343 4193 1483 4280 antliae
1499 4183 1682 4304 perfedte

144 4301 441 4420 quadrantibus
462 4304 705 4406 conflnmm,
764 4309 850 4394 uod
868 4309 1003 4396 antliae'
1022 4305 1193 4394 c'avitati
1214 4334 1295 4420 ope
1317 4305 1517 4411 manubrii
1537 4320 1679 4386 centro

125 4417 229 4522 ejus
248 4413 387 4498 inserti
405 4418 459 4500 ad
477 4413 651 4508 firndnm
670 4336 806 4503 antire
816 4417 1021 4510 intrudi&
1042 4419 1366 4528 dehinc'iterum
1377 4415 1430 4496 ad
1439 4433 1565 4521 caput
1574 4415 1683 4523 ejus.
1721 4507 1735 4538 ο
1813 4443 1817 4450 ·

142 4525 240 4610 dem
259 4526 334 4610 seu
346 4529 552 4619 orificium
572 4531 722 4649 retrahi
735 4533 884 4731 lEpyqss'tt„
914 4545 924 4556 '
1014 4551 1020 4570 ¹

176 4635 691 4754 ‚Epistomr'umuin‘tiiae'est
711 4673 733 4729 c
803 4641 913 4734 icula
932 4609 1283 4758 eyundricambo
1295 4623 1685 4724 ‘incurvabantur-

1609 4777 1695 4862 ‘lue'
