4120 5434
360 283 1536 416 DzviniuusnrMoriuusCo'Rronuu.
1679 285 1712 409 ³5
1802 375 1806 381 ,

178 443 247 528 vis
268 442 313 527 in
332 466 482 554 corpus
500 437 588 550 agit
599 493 614 536 ,
643 433 783 547 estque
795 435 877 517 illa
894 434 1004 520 'resta
1014 492 1028 534 ,
1049 463 1173 547 quain
1191 431 1343 524 mobile
1372 441 1448 528 hac
1471 445 1517 566 vi
1532 441 1708 566 tiramni
1748 454 1795 534 j«
1915 429 1927 481 ’ἓ
1987 438 2002 489 ι’

179 555 277 642 notu
297 553 489 640 describit
510 569 581 632 aut
602 545 742 632 salte'm
761 546 984 632 describere
1002 569 1183 634 conatur.

241 697 306 754 22.
337 657 448 756 'Vires
478 659 519 748 dc
551 661 690 755 Motus
716 658 962 856 coqsfirantes
980 659 1105 761 sunt,
1141 690 1317 773 quorum
1345 653 1586 753 direfflones
1612 651 1709 759 v0011.
1773 644 1785 662 ”
1963 629 1982 729 ’.

179 802 360 896 gruunt,
389 798 463 862 aut
483 774 621 858 saltem
643 773 793 883 paralle
810 800 843 856 ae
861 772 952 855 sunt
962 827 978 872 ,
1004 780 1047 856 &
1064 776 1224 858 easdem
1243 777 1297 860 ad
1317 797 1449 887 partes
1471 779 1656 864 tendunt.

243 921 307 1006 23·
341 895 463 978 Vires
476 887 572 972 vero
591 893 633 970 ὃ(
654 907 793 973 motus
811 885 1010 972 Contrarii
1028 884 1108 971 boc
1128 886 1210 988 est,
1227 887 1369 974 dr'retie
1387 889 1568 1000 oppositi
1578 947 1593 992 ,
1604 919 1707 1004 quo·

180 1033 275 1090 runi
296 1002 538 1090 oireui‘ones
555 990 725 1108 quiden
743 1017 975 1110 congruunt
994 1018 1064 1080 aut
1095 995 1236 1085 saltem
1262 999 1566 1114 aequidistantes
1593 1001 1708 1107 sunt,
1736 1015 1739 1024 '

179 1115 258 1202 sed
280 1118 326 1197 in
343 1111 543 1236 oppffitas
563 1129 697 1222 partes
714 1130 901 1228 vergunt.
1477 1167 1479 1172 -
1507 1169 1516 1186 .

243 1227 449 1311 Hastenus
470 1221 673 1338 generales
691 1249 909 1334 corporum
918 1217 1176 1332 affediones,
1187 1224 1335 1334 quibus
1346 1219 1544 1308 recenfitae
1556 1227 1706 1316 virium

190 1337 346 1466 species
365 1336 564 1448 applicari
583 1333 956 1445 possunt‚bre'viter
974 1335 1198 1448 attigimus,
1227 1335 1402 1425 Ordinis
1426 1337 1528 1418 ratio
1546 1335 1709 1452 insuper
1737 1427 1746 1446 ,

185 1452 357 1577 requirit
375 1470 423 1578 ut
440 1473 661 1575 corporurn
678 1443 855 1573 species,
868 1445 1017 1558 quibus
1038 1449 1144 1534 vires
1163 1449 1244 1577 ilia
1264 1449 1377 1533 varie
1396 1445 1710 1574 possuntapplia

181 1561 367 1778 ,nas
392 1553 1709 1809 tunonensisrennuunt

185 1811 317 1870 mena.
943 1838 945 1844 -
1173 1825 1176 1830 ¹
1605 1811 1606 1816 ¹

185 2261 243 2320 ex
265 2234 609 2350 obseruationibus
635 2231 776 2318 Celeb.
798 2232 1010 2316 Dominiei
1032 2233 1186 2317 Caffini
1208 2231 1363 2317 constat
1383 2233 1547 2316 metalla
1565 2232 1711 2346 frigori

186 2347 375 2460 expofita
393 2346 579 2436 nonnihil
590 2345 849 2472 contrahi,&
859 2343 952 2430 vice
970 2344 1095 2444 versa,
1109 2341 1247 2456 quoad
1259 2344 1478 2444 Voluiuen,
1491 2347 1657 2429 extendi
1667 2349 1712 2430 in

188 2459 296 2544 locis
316 2459 487 2557 calidis;
514 2466 553 2541 ὃς
573 2456 774 2584 ejusmodi
791 2453 1051 2568 ,metallorum
1071 2456 1318 2562 extensiones
1338 2464 1379 2540 ὅτ
1399 2459 1710 2559 contradiones,

191 2571 343 2682 quibus
362 2569 472 2654 haud
489 2569 610 2674 dubie
627 2565 833 2653 durlffima
851 2593 1026 2677 quaeque
1056 2569 1135 2652 alia
1166 2595 1337 2678 corpora
1365 2569 1457 2680 plus
1486 2571 1619 2654 minus
1640 2573 1711 2656 ob-

190 2685 318 2772 noxia
340 2682 455 2780 sunt,
480 2683 632 2793 absque
650 2682 810 2764 interno
829 2679 1009 2790 partium
1028 2701 1144 2763 rnotu
1161 2678 1250 2763 fieri
1270 2701 1495 2790 nequeunt:
1524 2679 1593 2766 sed
1612 2685 1711 2794 quia
1844 2759 1846 2766 .

190 2795 239 2880 bi
256 2817 390 2880 motus
401 2821 476 2894 ,ex
493 2791 589 2876 solis
611 2793 886 2905 phaenomenis
907 2819 980 2901 per
999 2792 1213 2877 ratiocinia
1235 2791 1483 2904 colligendi,
1505 2793 1547 2874 in
1578 2793 1709 2880 sensus
1734 2883 1743 2892 ,

191 2907 429 3014 immediate
439 2933 521 2989 non
531 2909 763 3004 incurrunt,
774 2901 1006 2988 definitioni
1015 2903 1080 2986 isti
1090 2903 1195 2988 niliil
1204 2899 1365 2986 officere
1383 2903 1545 3016 possunt
1557 2949 1568 3000 ς
1582 2932 1709 3013 quan.

191 3018 423 3132 doquidem
452 3019 495 3100 in
513 3047 560 3102 ea
578 3045 796 3128 corporum
813 3015 1030 3112 durorum,
1052 3013 1119 3099 seu
1147 3015 1394 3114 solidorum,
1414 3015 1610 3104 elementa
1629 3041 1711 3102 nori

191 3130 374 3216 absolute
391 3131 593 3215 cohaerere
610 3131 824 3226 dicuntur,
846 3125 918 3210 sed
933 3147 1089 3210 tantum
1111 3145 1313 3239 eousque,
1326 3149 1373 3212 ut
1393 3157 1439 3211 aa
1458 3129 1705 3224 abinvicem

191 3243 316 3332 avelli
333 3266 404 3326 aut
424 3244 580 3359 moveri
599 3239 833 3326 sensibiliter
851 3259 1081 3351 nequeant,-
1095 3241 1198 3353 quin
1228 3261 1361 3326 totum
1393 3268 1539 3351 corpus
1568 3243 1712 3328 eodem

191 3355 312 3438 'motu
331 3355 565 3464 abripiatur.

182 3515 193 3552 ·.
254 3492 317 3578 25.
345 3463 487 3552 Naida
505 3469 604 3553 vero
623 3494 796 3578 corpora
814 3463 928 3564 sunt,
955 3491 1128 3576 quoium
1147 3461 1357 3576 particuiae
1386 3462 1609 3574 agilissimae
1628 3493 1710 3550 non

95 3663 99 3669 .
190 3576 796 3677 'cohaerent'‚sedfacilenioveri
814 3577 976 3691 possunt
996 3605 1083 3680 nou=
1096 3579 1209 3659 mota
1228 3573 1413 3660 universd
1435 3575 1554 3658 fluidi
1574 3575 1708 3665 narrt.

192 3693 250 3776 In
272 3692 411 3774 fluidis
429 3691 594 3776 viscidis
618 3691 827 3803 particulae
849 3689 1036 3772 nonnihil
1065 3689 1265 3774 coherere
1282 3689 1498 3784 videntur,
1526 3687 1595 3772 sod
1618 3693 1711 3776 talis

191 3829 333 3888 earum
355 3801 526 3912 adhaesio
541 3805 685 3886 miram
704 3803 943 3888 earumdem
961 3801 1066 3884 inter
1097 3799 1136 3882 se
1164 3800 1431 3883 mobilitatem
1462 3827 1542 3882 non
1572 3802 1710 3902 tollit,

190 3945 243 3999 ac
260 3937 478 4030 propterea
498 3915 595 4000 talia
608 3913 741 4000 fluida
758 3936 833 4001 'ex
851 3913 972 4006 allata
995 3911 1077 3996 bac
1108 3895 1357 3997 definitione
1377 3940 1459 3997 non
1475 3906 1711 4000 'excludun
1794 3978 1796 3983 .

193 4047 280 4110 tuh

182 1899 188 1910 '
244 1927 309 2008 24.
340 1863 508 2012 Corpota
526 1893 653 2012 solida
680 1916 750 1979 aut
778 1891 1000 2006 conststmtt'a
1016 1893 1215 1982 ‘dicuntur
1230 1907 1300 1995 ea,
1320 1919 1493 2007 quorum
1514 1859 1728 1984 elementa·

184 2007 328 2096 saltem
357 2037 539 2121 eousque
570 2009 797 2108 cohaerent,
823 2031 871 2092 ut
892 2007 1004 2093 nulla
1032 2009 1214 2120 corporis
1236 2025 1336 2120 'pars
1368 2007 1603 2094 sensibiliter
1622 2039 1709 2094 ino-
1808 2066 1838 2108 ,-

186 2125 280 2209 ueri
300 2121 445 2234 possit,
472 2123 574 2233 quin
595 2141 683 2204 tota
699 2119 821 2205 massa
842 2122 1015 2205 eundem
1036 2143 1194 2204 motum
1207 2120 1447 2232 participet.
1478 2189 1482 2198 .
1503 2121 1732 2208 Cae-terum

1967 283 1977 329 s
