4008 5414
385 283 461 369 ,36
499 275 578 372 Da
608 269 862 360 Vinrrus
893 289 959 350 rr
989 243 1836 354 MortuusCoiroiiun.Lir.'11.

379 413 480 510 erit,
498 430 545 492 ut
565 405 740 520 spatium
762 395 946 514 MHBef
966 395 1236 509 compositum
1254 425 1307 480 ex
1327 399 1573 484 cavitatibus
1593 392 1827 514 recipientia
1847 409 1903 493 M

380 524 469 605 tubi
491 519 619 605 HOB
642 526 681 602 ὃ(
701 513 835 599 aritlioe
855 508 938 624 Bes
946 511 1002 594 ad
1018 512 1239 594 cavitatem
1264 512 1498 622 recipientis
1531 511 1653 594 solius
1676 515 1754 614 M,
1781 519 1902 606 idest

354 635 360 646 '
384 631 628 741 (secundiani
647 623 917 742 hypothesin)
936 643 985 742 ut
1004 622 1118 734 Qad
1139 624 1185 706 P.
1216 623 1346 732 Qiod
1363 645 1448 707 etat
1468 623 1835 736 demonstrandum.

754 859 1584 1001 ¹Coriorcaniuiilsx

437 1097 525 1179 332·
555 1068 598 1150 Si
611 1068 723 1168 ‘ratio
745 1068 778 1150 P
799 1070 853 1151 ad
874 1055 1197 1176 Qcontinuetur
1216 1066 1259 1146 in
1278 1086 1548 1176 quotcunque
1569 1067 1753 1150 terminia
1772 1071 1835 1165 R,
1853 1071 1894 1169 S,

381 1180 449 1279 T,
473 1189 550 1262 &c
580 1187 620 1261 ὃ(
643 1180 840 1291 primusP
861 1197 1041 1288 exponat
1062 1179 1266 1262 raritatem
1286 1180 1388 1262 ae'ris
1409 1182 1454 1261 in
1466 1179 1752 1288 recipienteM
1773 1181 1894 1266 insta·

378 1312 423 1372 tu
454 1291 625 1380 naturali
657 1292 898 1390 existentis,
937 1291 1099 1374 termini
1130 1287 1340 1400 sequentes
1360 1289 1644 1405 progressionis
1673 1293 1815 1376 nostrie
1837 1298 1894 1407 Q,

378 1405 447 1501 R,
476 1406 525 1504 S,
545 1405 622 1504 T,
645 1413 722 1488 &c
752 1405 991 1490 indicabunt
1022 1404 1226 1485 raritatem
1256 1405 1358 1488 a'e'ris
1397 1404 1440 1486 in
1477 1404 1701 1515 recipiente
1728 1405 1892 1508 residui,

291 1531 295 1538 '
379 1515 470 1626 post
491 1519 688 1628 primam,
714 1515 931 1602 secundam
942 1573 958 1616 ‚
983 1516 1166 1611 tertiam,
1195 1535 1409 1625 quartam,
1427 1527 1504 1602 &c
1542 1517 1695 1600 emboli
1712 1522 1891 1632 agitatio-

246 1687 258 1700 .
381 1656 484 1710 nem.
515 1630 558 1713 N
564 1660 629 1714 am
641 1690 654 1729 ,
675 1631 772 1739 quia
793 1633 932 1714 raritas
951 1629 1053 1714 aeris
1075 1626 1164 1739 post
1183 1629 1358 1739 primam
1380 1629 1531 1714 emboli
1559 1631 1822 1743 agitationem
1841 1633 1891 1716 est

378 1741 432 1822 ad
452 1743 655 1825 raritatem
674 1747 757 1852 ejus
778 1765 870 1826 ante
891 1742 996 1825 hanc
1018 1742 1283 1936 asgitationem
1301 1763 1348 1824 ut
1368 1743 1484 1854 Qad
1495 1743 1545 1841 P,
1556 1751 1597 1826 &
1615 1743 1685 1828 hic
1702 1749 1889 1831 terminus

379 1853 414 1936 P
433 1856 605 1964 exponit
624 1858 827 1939 raritatem
847 1857 949 1940 a'e'ris
969 1855 1010 1935 in
1064 1875 1132 1936 atu
1151 1854 1324 1938 naturali
1345 1855 1477 1965 qualis
1497 1877 1581 1939 erat
1612 1877 1707 1940 ante
1722 1862 1885 1970 primani

380 1967 667 2078 agitationem,
694 1968 790 2050 ideo
807 1984 987 2080 exponet
1009 1967 1273 2080 Qraritatem
1293 1971 1395 2051 aeris
1422 1970 1466 2050 in
1496 1969 1722 2081 recipiente
1750 1967 1886 2054 residui

378 2078 470 2187 post
490 2082 662 2190 primam
682 2079 831 2164 emboli
851 2080 1113 2192 agitationem
1121 2078 1312 2191 ,sicquia
1331 2082 1470 2166 raritas
1490 2083 1593 2168 a'e‘ris
1611 2082 1705 2193 post
1723 2084 1888 2196 primam

347 2201 364 2213 ‘
380 2191 434 2272 ad
461 2195 665 2277 raritatem
701 2192 790 2305 post
820 2192 1036 2278 secundani
1064 2191 1216 2275 emboli
1239 2194 1510 2307 agitationem
1539 2192 1596 2277 est
1625 2214 1672 2278 ut
1701 2197 1802 2278 Pad
1822 2196 1887 2308 Q,

381 2301 448 2384 vel
466 2323 512 2384 ut
532 2308 646 2416 Qad
665 2307 723 2403 R,
735 2313 777 2388 bt
796 2307 1039 2418 Qexponit
1059 2306 1263 2388 raritatem
1293 2307 1394 2390 aeris
1425 2305 1517 2419 post
1544 2307 1708 2417 primani
1730 2308 1886 2408 emboli

381 2415 668 2526 agitationem,
695 2439 875 2529 exponet
896 2421 941 2503 R
958 2417 1162 2502 raritatem
1184 2419 1286 2501 aeris
1304 2419 1452 2502 residui
1471 2419 1562 2530 post
1579 2415 1788 2502 secundam
1804 2445 1887 2502 ein-

382 2526 467 2608 boli
485 2531 772 2642 agitationem,
801 2532 1030 2642 eodemque
1048 2551 1287 2643 argumento
1306 2529 1525 2615 conficitur
1541 2559 1744 2644 exponere
1763 2531 1815 2629 S,
1833 2527 1888 2631 T,

382 2646 459 2766 &c
489 2643 668 2726 raritates
685 2643 832 2728 residui
849 2631 893 2726 i'n
911 2643 1133 2757 recipiente
1149 2643 1252 2726 a'e'rit
1274 2643 1366 2755 post
1383 2644 1543 2728 tertiam
1552 2701 1567 2743 ,
1598 2665 1783 2755 quartam
1792 2651 1888 2741 ,bre

381 2773 656 2863 agitationem.
977 2772 981 2790 '

782 2995 1499 3086 Coioiriiiunlt

437 3209 528 3296 333.
556 3189 661 3271 Haec
681 3191 803 3274 etiam
822 3193 1208 3300 obtinent,mutatis
1228 3197 1434 3280 mutandis
1444 3191 1890 3294 ,incondensationibus

381 3299 482 3380 ae'ris
499 3303 744 3412 recipientis.
773 3304 877 3417 Quo'
891 3307 983 3390 casu
1003 3306 1098 3389 loco
1120 3309 1218 3407 itus,
1226 3335 1351 3420 quem
1371 3309 1552 3392 diximus
1560 3305 1638 3390 elle
1646 3309 1891 3392 cdud’cioneni
1965 3413 1971 3420 ο

383 3410 536 3495 emboli
556 3443 607 3497 ex
627 3413 758 3499 fundo
778 3417 913 3502 antlia
932 3417 967 3520 B
989 3445 1118 3528 usque
1143 3422 1187 3502 in
1216 3419 1275 3533 ef,
1304 3449 1410 3504 nunc
1443 3449 1516 3533 per
1541 3422 1647 3502 itum
1674 3419 1890 3532 intelligam

384 3521 644 3610 intrusionem
665 3531 815 3613 emboli
833 3527 1021 3644 esusque
1039 3532 1094 3613 ad
1113 3532 1248 3614 antliae
1268 3529 1454 3615 fundum.
1485 3534 1728 3642 Propterea,
1756 3531 1783 3614 si
1799 3557 1893 3639 pro,

383 3635 525 3739 gressio
545 3639 614 3736 T,
642 3641 693 3741 S,
721 3643 787 3740 R,
817 3647 885 3754 Q,
914 3644 946 3726 P
969 3644 1228 3727 continuetur
1248 3645 1291 3725 in
1310 3646 1485 3729 totidem
1513 3645 1697 3728 terminis
1724 3671 1770 3756 q,
1787 3665 1831 3738 r,
1849 3665 1890 3736 s,

383 3757 428 3835 t;
449 3751 526 3830 &e
563 3751 607 3831 hi
628 3755 789 3835 termini
810 3751 1093 3868 significabunt
1121 3759 1324 3841 raritatem
1351 3759 1453 3841 aeris
1495 3757 1538 3840 in
1573 3759 1795 3868 recipiente
1821 3753 1891 3849 M,

381 3855 473 3980 post
492 3861 693 3968 primum,
721 3863 964 3968 secundum,
992 3869 1182 3967 tertium,
1209 3867 1510 3982 quartlim,&c.
1537 3869 1688 3950 emboli
1702 3871 1811 3948 itum
1830 3865 1892 3947 seu

380 3993 423 4050 in
442 3971 607 4076 antliam
626 3973 896 4061 intrusionem.
927 3980 1041 4062 Nam
1060 3993 1142 4079 ae'r,
1152 3984 1226 4091 qui
1244 4004 1337 4066 ante
1356 3983 1527 4093 primam
1536 3979 1793 4062 intrusionem
1814 3974 1893 4060 dis·

379 4074 491 4165 fusus
510 4108 593 4166 erat
612 4085 654 4166 in
674 4086 807 4199 spatio
827 4091 990 4187 MOef,
1020 4093 1112 4199 post
1143 4096 1316 4204 primam
1344 4093 1603 4179 intrusionem
1632 4093 1839 4206 redigetur
1852 4087 1894 4170 iri

379 4190 554 4302 spatium
574 4199 706 4281 multo
724 4199 928 4314 angustius
950 4199 1153 4300 BOHM,
1162 4207 1230 4287 vel
1250 4209 1433 4321 neglecta
1451 4207 1628 4292 cavitate
1646 4207 1736 4288 tubi
1764 4199 1893 4288 ΒΘΗ

382 4303 499 4416 (qua
516 4309 749 4396 insensibilis
769 4315 826 4398 est
847 4342 930 4425 prae
952 4315 1130 4400 cavitate
1148 4320 1380 4432 recipientis
1401 4322 1478 4420 M,
1505 4328 1554 4404 ὃς,
1566 4346 1661 4428 qure
1680 4317 1764 4401 tubi
1783 4314 1895 4400 cavi·

379 4435 440 4501 tas
459 4424 580 4505 etiam
598 4421 767 4508 subinde
787 4425 1156 4537 tollitur,spatium
1176 4430 1345 4518 EFOH
1365 4461 1472 4545 aqua
1491 4424 1727 4546 implendo)
1757 4429 1896 4512 raritas

380 4533 480 4654 aeris
499 4559 592 4619 ante
611 4537 783 4647 primam
803 4541 956 4625 emboli
972 4541 1246 4643 intrusionem,
1257 4573 1348 4655 quae
1362 4549 1521 4630 'dicitur
1540 4545 1597 4640 P,
1624 4546 1680 4626 ad
1698 4542 1897 4627 raritatem

306 4756 310 4765 ἱ
380 4645 557 4744 eiusdem
578 4653 690 4735 aeris'
697 4651 789 4764 post
807 4658 984 4766 primuni
1002 4655 1107 4742 itum
1118 4656 1175 4742 est
1184 4679 1230 4742 ut
1245 4659 1421 4770 spatium
1443 4653 1640 4744 MHOef
1654 4658 1709 4742 ad
1727 4657 1900 4768 spatium
