3998 5422
415 273 488 330 112
529 245 609 329 Dr
640 243 903 332 Vrnrrus
934 259 1001 324 rr
1029 231 1315 322 Morrrus
1345 227 1858 334 Conronuulrnl.

463 635 553 721 215.
566 638 570 646 ·
584 612 664 697 Vis
683 615 900 722 ‘corporum
919 603 1101 690 absoluta
1119 623 1212 687 ante
1239 597 1480 688 conflitlum
1493 601 1556 698 ,est
1577 603 1781 712 altitudo,
1810 638 1923 724 quam

406 745 589 808 centrum
601 721 811 836 gravitatis
820 745 1038 804 commune
1048 717 1264 800 mobilium
1274 713 1431 827 perlabi
1441 713 1596 824 potest,
1609 721 1777 828 quando
1785 750 1921 810 unum.

406 837 585 944 quodvis
619 862 767 945 corpus
794 860 866 944 per
896 830 1006 914 suam
1036 828 1298 912 altitudinem
1327 827 1514 912 cadendo
1542 829 1805 916 velocitatem
1825 835 1923 923 suam

405 950 616 1058 propriam
636 946 826 1056 acquirit.
855 945 1018 1054 Visque
1034 941 1249 1024 mobilium
1268 938 1448 1040 absoluta
1465 939 1558 1050 post
1578 942 1832 1030 collisronem
1842 1005 1855 1046 ‚
1874 954 1922 1036 est

404 1059 595 1155 altitudo,
605 1059 658 1139 ad
677 1087 801 1170 quam
819 1057 1015 1170 assurgere
1033 1053 1166 1166 potest
1186 1055 1532 1146 idemcommune
1551 1075 1735 1140 centrum
1754 1065 1923 1176 graviter-¹

406 1173 459 1252 tis
480 1199 724 1283 corporum,
752 1171 919 1281 quando
945 1169 1275 1278 unumquodque
1303 1165 1451 1254 horum
1477 1194 1696 1278 corporum
1724 1173 1917 1260 celeritate

280 1309 286 1320 ·
340 1366 345 1374 ,
406 1283 556 1367 initiali
585 1313 654 1382 ea,
677 1312 801 1395 quam
819 1287 864 1366 ¹in
893 1282 1090 1380 conslidtu
1110 1279 1353 1392 acquisrvit‚
1379 1276 1489 1394 suam
1503 1363 1505 1366 ,
1518 1279 1782 1372 altitudinem
1803 1287 1918 1372 ascen.

268 1409 272 1422 ‘
408 1395 546 1497 dendo
565 1395 751 1480 absolvit.
883 1455 886 1460 <
1865 1479 1868 1484 .

410 1568 416 1580 .
467 1512 556 1611 216.
588 1509 656 1591 Sic
674 1510 808 1620 posito
827 1507 978 1592 mobile
999 1509 1041 1592 A
1069 1507 1277 1619 acquirere
1306 1503 1555 1596 celeritatem
1581 1502 1692 1594 suam
1722 1515 1912 1624 proprian

409 1620 492 1703 AD
513 1619 627 1731 lapsu
645 1626 867 1727 accelerato
888 1650 940 1704 ex
958 1621 1176 1736 altitudine
1188 1618 1300 1717 En,
1328 1625 1367 1704 δι
1391 1618 1558 1702 B‘suam
1577 1620 1826 1708 celeritatem
1834 1655 1912 1737 pro

409 1734 541 1843 priam
559 1734 748 1818 descensu
769 1733 992 1819 accelerato
1010 1761 1062 1816 ex
1082 1733 1301 1818 altitudine
1320 1731 1419 1831 FB,
1446 1753 1629 1818 centrum
1657 1739 1864 1848 gravitatis
1881 1740 1916 1826 G

408 1847 625 1930 mobilium
644 1846 707 1945 A,
736 1851 769 1932 B
798 1851 842 1931 in
871 1846 1033 1958 ponetis
1054 1845 1116 1944 E,
1139 1847 1178 1930 F
1200 1843 1459 1928 existentium
1488 1847 1606 1930 cadet
1632 1875 1684 1932 ex
1713 1849 1914 1936 altitudine

412 1957 509 2044 GC.
549 1958 606 2041 Et
626 1956 654 2038 sr
674 1961 895 2044 mobilis-A
911 1958 1002 2071 post
1019 1959 1260 2042 conflictum
1280 1957 1462 2042 celeritas
1480 1957 1695 2046 uniformis
1718 1961 1766 2046 srt
1784 1964 1848 2050 Da
1864 1986 1913 2047 ta·
1983 1971 1984 2066 l

407 2071 474 2168 lis,
485 2091 531 2154 ut
551 2073 599 2156 td
618 2093 812 2182 tanquam
833 2071 1051 2156 velocitate
1070 2069 1220 2156 initiali
1239 2071 1386 2153 restam
1404 2099 1447 2156 ae
1477 2071 1732 2160 ascendendo
1757 2077 1916 2162 confice·
1983 2083 1984 2168 ξ

405 2211 452 2286 re
473 2183 597 2293 poslrt
614 2185 765 2270 mobile
784 2183 848 2314 A)
875 2182 1129 2380 altqriufmque
1148 2181 1183 2263 B
1203 2182 1748 2384 altitudikpqemusqfcqegritate
1764 2190 1917 2382 sinitiali
1983 2211 1984 2214 ‘

382 2380 387 2389 “
411 2293 1369 2536 Issd'bsirillddqiiisrl'iiiclctdsmllrunoemdiiipidliiin1203
1387 2325 1431 2537 ¹·ss
1456 2327 1918 2540 rgrqvimgirsncrpnpmcqnc

411 2518 594 2603 censetur
611 2523 823 2608 ascendere
840 2521 953 2634 posse
973 2523 1018 2605 vi
1046 2521 1230 2608 absoluta'
1259 2521 1473 2606 mobrlrum
1500 2523 1591 2637 post
1624 2525 1858 2630 conflrtlum
1882 2555 1917 2608 rn

411 2633 522 2716 resta
539 2637 727 2721 verticali
750 2663 795 2751 cg
813 2635 944 2747 usque
963 2635 1016 2720 ad
1024 2661 1069 2747 g.

1131 2831 1218 2919 Vl.

411 2985 424 3054 j
470 2982 562 3066 217.
592 2960 794 3071 Corpora,
803 2982 895 3070 quae
915 2964 1308 3050 murmurantia
1327 2967 1502 3050 materiae
1523 2971 1696 3079 praedita
1724 2969 1837 3069 sunt,
1862 2973 1913 3055 di-

412 3091 556 3150 cantur
575 3071 766 3180 deinceps
785 3100 957 3185 corpora
974 3077 1128 3160 inertia
1182 3079 1370 3191 Corpora
1381 3081 1607 3192 verb,‚quae
1628 3084 1715 3166 vim
1734 3083 1915 3168 astuosam
1984 3123 1985 3192 χ

276 3257 282 3266 ,
411 3174 561 3262 habent
579 3182 802 3292 repellendi
821 3214 993 3298 corpora
1011 3217 1057 3270 ea
1077 3187 1163 3300 ipsa
1180 3191 1226 3271 vi
1246 3220 1328 3303 qua
1345 3191 1521 3304 impulsa
1542 3193 1706 3279 fuerunt
1721 3254 1735 3294 ,
1748 3199 1916 3280 dicantur
1984 3195 1985 3280 3

409 3315 585 3402 ‚corpora
613 3295 783 3389 actuosa.
839 3299 1030 3409 Corpora
1056 3299 1200 3384 inertia
1218 3303 1314 3387 alias
1332 3305 1455 3388 etiam
1476 3309 1675 3398 nominari
1708 3309 1919 3414 solentne
1984 3347 1985 3354 ¹

409 3398 583 3513 clasura,
610 3437 657 3492 ac
677 3436 852 3521 corpora
872 3411 1033 3496 astuosa
1052 3409 1209 3525 clastica.
1984 3419 1985 3424 ‘

849 3655 1483 3751 HYPOTHESIS.

333 3955 336 3959 Ι
469 3845 559 3924 218.
590 3843 688 3925 Cum
706 3873 768 3931 cor
791 3874 859 3932 ora
877 3851 1029 3968 astuosa
1044 3862 1144 3944 inter
1158 3858 1203 3972 se
1222 3859 1455 3950 colliduntur
1482 3861 1607 3948 eadem
1640 3885 1770 3953 manet
1797 3873 1857 3951 vr's
1874 3897 1920 3953 eo·

410 3971 499 4032 rum
515 3951 684 4081 abfhluta
693 3870 1115 4081 pnlconflisiumquae
1131 3990 1218 4056 erat
1236 3991 1324 4057 ante
1343 3974 1497 4059 eundem
1515 3977 1741 4086 conflisium.

370 4096 375 4104 ·
464 4062 705 4178 Exciprmus
726 4099 897 4185 corpora
918 4075 1075 4178 inertia,
1086 4083 1345 4190 quorumvis
1366 4085 1546 4180 absoluta
1565 4091 1656 4200 post
1687 4092 1924 4176 collisionem

351 4249 353 4252 ,
409 4202 616 4285 nunquam
637 4182 777 4262 eadem
795 4183 865 4280 est,
877 4212 968 4293 quae
990 4193 1073 4275 erat
1093 4215 1186 4274 ante
1206 4197 1466 4296 concursum,
1494 4204 1830 4313 quandoquidem
1849 4205 1926 4286 hac

410 4288 473 4370 vis
494 4290 536 4369 in
555 4287 646 4399 ipso
676 4293 872 4396 conflictu
904 4303 1154 4413 quandoque
1184 4308 1345 4416 penitus
1376 4313 1630 4411 absorbetur,
1659 4314 1819 4401 scilicet
1845 4345 1928 4400 cum

410 4402 578 4502 mobilia
599 4403 869 4491 celeritatibus
890 4409 1019 4495 maffis
1042 4413 1121 4498 suis
1143 4419 1351 4528 reciproce
1371 4427 1745 4546 proportionalibus
1774 4429 1848 4512 srbi
1878 4431 1929 4509 in·

412 4511 545 4612 uicem
566 4517 728 4600 obviam
747 4523 930 4603 veniunt.
971 4523 1052 4609 Sed
1068 4529 1268 4636 ejusmodi
1288 4562 1460 4644 corpora
1482 4541 1642 4648 penitus
1662 4541 1810 4626 inertia
1830 4539 1931 4623 forte

408 4622 520 4705 nulla
538 4629 708 4730 dantur,
730 4661 821 4718 narn
841 4634 994 4722 etiamsr
1014 4639 1210 4754 Pleraque
1229 4673 1400 4757 corpora
1421 4648 1852 4774 perfestaastuofitate
1870 4653 1935 4734 vel

1809 4761 1936 4850 clasti-
